1704 2704
660 113 958 155 OCTAVIUS
1446 110 1506 154 47

613 343 885 384 CHAPTER
933 343 1006 383 ΙΙΙ

114 451 305 492 Octavius
328 451 523 491 ridiculas
562 450 796 491 Caecilius’s
831 455 894 490 act
930 451 979 502 of
1005 449 1193 502 worship.
1267 448 1349 488 The
1385 447 1508 487 latter

244 523 392 558 reseniis
429 518 493 557 the
528 518 660 558 insult
707 522 745 558 to
793 518 860 557 his
898 517 1085 570 reliyion,
1122 516 1303 556 remmus
1346 515 1507 568 yloooizy

243 585 329 625 and
352 585 471 625 silent
496 585 652 637 duriny
687 585 752 625 the
774 584 883 624 wallo
906 598 958 623 οη
994 584 1057 624 the
1092 583 1251 631 strand,
1277 582 1364 622 and
1398 581 1507 621 takes

242 667 293 692 no
330 653 493 704 interest
531 653 579 691 m
616 652 679 692 the
718 652 817 704 boys'
852 665 970 704 qame
1007 651 1140 691 which
1179 651 1271 703 they
1307 649 1432 689 stand
1469 654 1506 688 fo

241 720 411 760 witness,

191 827 309 866 Tunc
335 827 540 867 Octavius
565 827 649 866 ait:
686 831 807 866 “non
844 826 943 866 boni
969 825 1050 865 viri
1085 830 1161 873 est,
1182 825 1327 865 Marce
1363 825 1506 873 frater,

108 893 322 934 hominem
349 893 463 933 domi
487 894 675 947 forisque
700 893 824 934 lateri
849 897 923 933 tuo
955 892 1247 933 inhaerentem
1272 892 1332 932 sic
1356 892 1401 931 in
1426 891 1507 932 hac

107 960 347 1013 imperitiae
379 960 566 1014 vulgaris
604 960 808 1001 caecitate
842 960 1044 1008 deserere,
1078 964 1126 999 ut
1162 966 1250 1000 tam
1286 959 1506 1000 luculento

107 1027 173 1068 die
199 1028 243 1068 in
268 1027 430 1081 lapides
466 1042 562 1068 eum
598 1028 774 1082 patiaris
811 1027 1059 1082 impingere,
1084 1026 1290 1081 effigiatos
1325 1040 1426 1066 sane
1462 1030 1506 1067 et

107 1099 257 1136 unctos
283 1100 326 1136 et
349 1101 582 1143 coronatos,
602 1109 698 1135 cum
723 1095 832 1135 scias
857 1095 984 1134 huius
1011 1094 1163 1134 erroris
1187 1108 1272 1134 non
1297 1093 1503 1134 minorem

106 1161 160 1202 ad
185 1166 227 1202 te
252 1176 380 1215 quam
406 1162 459 1202 ad
485 1162 625 1216 ipsum
652 1161 874 1202 infamiam
898 1161 1169 1202 redundare.''

191 1229 299 1270 Cum
341 1229 419 1270 hoc
465 1243 657 1270 sermone
704 1229 794 1270 eius
842 1228 1030 1270 medium
1078 1228 1265 1282 spatium
1314 1227 1503 1268 civitatis

105 1297 268 1337 emensi
314 1297 398 1336 iam
446 1296 629 1337 liberum
676 1296 779 1337 litus
838 1296 1099 1337 tenebamus.
1195 1295 1263 1335 Ibi
1321 1295 1501 1335 harenas

105 1363 299 1412 extimas,
339 1363 460 1404 velut
519 1368 726 1404 sterneret
779 1363 1035 1411 ambulacro,
1082 1362 1345 1416 perfundens
1392 1361 1500 1402 lenis

105 1430 220 1471 unda
246 1430 474 1480 tendebat3
512 1437 566 1478 et,
594 1435 643 1472 ut
668 1444 833 1485 semper
856 1444 971 1471 mare
997 1430 1126 1471 etiam
1151 1429 1302 1483 positis
1326 1429 1499 1469 flatibus

102 1497 343 1550 inquietum
396 1503 473 1545 est,
519 1499 598 1539 etsi
651 1512 735 1538 non
788 1498 905 1538 canis
955 1497 1250 1551 spumosisque
1300 1496 1500 1537 fluctibus

102 1564 246 1605 exibat
282 1565 333 1605 ad
369 1570 536 1613 terram,
572 1570 717 1606 tamen
754 1565 904 1619 crispis
940 1565 1203 1618 torosisqueg
1240 1563 1399 1604 ibidem
1435 1577 1500 1604 er-

102 1632 269 1672 roribus
306 1631 505 1673 delectati
542 1646 748 1686 perquam
785 1646 943 1681 sumus,
969 1645 1066 1672 cum
1102 1632 1146 1671 in
1183 1631 1274 1684 ipso
1304 1631 1499 1684 aequoris

100 1697 247 1740 limine
272 1699 439 1753 plantas
465 1700 767 1754 tingueremus‚
788 1699 899 1753 quod
920 1699 1107 1740 vicissim
1133 1712 1248 1739 nunc
1272 1698 1498 1752 appulsum

101 1766 257 1806 nostris
281 1766 460 1820 pedibus
485 1766 696 1808 alluderet
712 1767 878 1814 fluctus,
898 1780 1012 1807 nunc
1032 1766 1223 1807 relabens
1248 1779 1296 1806 ac
1320 1766 1499 1819 vestigia

101 1833 318 1874 retrahens
343 1834 388 1874 in
413 1847 503 1874 sese
528 1835 770 1875 resorberet.
833 1834 999 1874 Sensim
1019 1834 1163 1886 itaque
1182 1832 1498 1887 tranquilleque

100 1901 309 1954 progressi
346 1914 463 1941 oram
499 1901 621 1941 curvi
656 1901 844 1942 molliter
879 1901 1019 1942 litoris
1055 1901 1138 1941 iter
1163 1899 1320 1940 fabulis
1346 1900 1495 1942 fallen-

100 1967 215 2008 tibus
236 1968 490 2022 legebamus.
562 1968 680 2009 Haec
705 1968 873 2009 fabulae
910 1973 1030 2009 erant
1067 1967 1219 2008 Octavi
1247 1967 1495 2008 disserentis

1550 833 1563 861 1

99 2033 150 2074 de
186 2035 457 2089 navigatione
494 2036 689 2076 narratio.
762 2035 842 2076 Sed
882 2036 953 2076 ubi
996 2035 1125 2076 eundi
1161 2035 1349 2089 spatium
1391 2035 1494 2076 satis
1538 2045 1555 2074 5

98 2101 260 2142 iustum
314 2116 410 2143 cum
459 2116 654 2143 sermone
695 2103 1048 2156 consumpsimus,
1096 2101 1275 2143 eandem
1333 2103 1493 2143 emensi

98 2168 211 2209 viam
249 2183 394 2210 rursus
434 2170 566 2211 versis
605 2170 795 2224 vestigiis
837 2170 1089 2217 terebamus,
1136 2176 1178 2210 et
1225 2183 1322 2210 cum
1360 2169 1412 2209 ad
1451 2169 1494 2209 id

98 2234 178 2276 loci
226 2241 402 2277 ventum
460 2241 538 2285 est,
586 2237 658 2277 ubi
706 2237 941 2278 subductae
987 2236 1209 2277 naviculae
1267 2236 1494 2277 substratis

99 2302 319 2344 roboribus
355 2317 378 2344 a
415 2308 582 2345 terrena
617 2303 711 2344 labe
747 2317 979 2358 suspensae
1020 2304 1307 2357 quiescebant,
1342 2317 1493 2356 pueros

99 2368 291 2411 videmus
331 2371 526 2411 certatim
563 2371 793 2425 gestientes
835 2375 1042 2412 testarum
1086 2372 1129 2410 in
1179 2384 1292 2411 mare
1336 2370 1491 2412 iacula—

100 2435 287 2477 tionibus
322 2437 479 2478 ludere.
552 2438 595 2478 ls
630 2438 749 2479 lusus
786 2444 851 2479 est
877 2443 1032 2479 testam
1059 2443 1237 2479 teretem
1262 2438 1491 2479 iactatione
1536 2449 1552 2475 6
