1704 2704
162 97 222 136 54
711 93 1010 135 OCTAVIUS

158 205 374 245 laboribus
395 204 695 244 levamentum.
750 203 893 243 Etiam
918 216 993 256 per
1019 202 1206 256 quietem
1232 202 1332 242 deos
1352 202 1559 251 videmus,

159 273 367 320 audimus,
409 272 688 325 agnoscimus,
726 284 831 324 quos
880 270 1009 324 impie
1059 284 1131 323 per
1179 269 1292 310 diem
1343 283 1558 323 negamus,

159 339 370 387 nolumus,
395 340 646 392 peieramus.

650 505 921 546 CHAPTER
959 505 1075 544 VIII

158 593 211 645 Is
244 592 526 645 plesez'losophers
565 591 666 630 leave
703 594 770 643 9οί
811 604 862 630 no
904 590 1079 642 hearing]
1125 589 1240 628 when
1286 589 1377 642 they
1415 589 1562 629 denied

293 660 355 699 me
380 661 568 699 existence
593 660 642 712 of
668 672 743 697 om·
758 658 866 709 θοῶς,
891 658 927 695 'As
962 658 995 697 it
1031 661 1101 696 not
1136 656 1371 696 intolerable
1407 657 1496 696 that
1533 671 1558 696 a

288 727 466 779 yzcllible,
498 726 694 774 unsocffll,
723 725 915 778 impious,
947 728 1260 777 contemptuous‚
1290 724 1377 764 and
1412 724 1559 776 vulqa‘r

291 793 427 834 rabble
450 793 594 834 should
619 793 745 832 assasvz'l
770 806 847 832 our
871 791 1080 844 religion?

249 879 402 931 Itaque
439 891 536 918 cum
573 877 765 918 omnium
801 877 995 930 gentium
1036 876 1088 916 de
1131 875 1196 916 dis
1234 875 1557 924 immortalibus,

158 946 354 999 quamvis
391 946 554 986 incerta
593 944 650 985 sit
685 944 755 986 vel
792 944 901 985 ratio
937 943 1006 985 vel
1043 943 1170 997 origo,
1205 948 1378 984 maneat
1414 948 1556 984 tamen

157 1014 279 1053 firma
321 1013 552 1060 consensio,
595 1012 809 1053 neminem
858 1012 945 1052 fero
993 1016 1113 1051 tanta
1161 1010 1336 1051 audacia
1384 1017 1557 1064 tamque

157 1081 392 1134 irreligiosa
428 1079 571 1120 nescio
605 1093 689 1133 qua
726 1079 953 1133 prudentia
988 1084 1310 1126 tumescentem,
1336 1078 1411 1131 qui
1446 1078 1558 1118 hanc

157 1147 405 1201 religionem
452 1153 542 1187 tam
590 1152 817 1194 vetustam,
866 1152 950 1186 tam
1001 1146 1164 1193 utilem,
1207 1149 1295 1185 tani
1342 1145 1556 1186 salubrem

157 1215 388 1256 dissolvere
412 1220 487 1255 aut
512 1215 726 1255 infirmare
775 1215 946 1254 nitatur.
1007 1213 1072 1253 Sit
1090 1213 1191 1253 licet
1216 1212 1288 1253 ille
1314 1213 1556 1253 Theodorus

158 1283 415 1336 Cyrenaeus,
450 1282 519 1323 vel
556 1282 629 1335 qui
666 1282 784 1335 prior
822 1281 1029 1333 Diagoras
1067 1279 1239 1328 Melius,
1278 1280 1345 1320 cui
1385 1280 1555 1321 Atheon

156 1363 391 1404 cognomen
426 1349 625 1404 apposuit
661 1349 911 1402 antiquitas,
948 1348 1021 1402 qui
1064 1352 1242 1400 uterque
1279 1347 1420 1387 nullos
1456 1347 1555 1388 deos

156 1417 448 1459 adseverando
496 1417 692 1457 timorem
742 1430 923 1464 omnem,
960 1428 1043 1468 quo
1089 1414 1336 1455 humanitas
1383 1414 1555 1468 regitur,

157 1485 561 1538 venerationemque
597 1484 768 1537 penitus
805 1483 1101 1524 sustulerunt:
1139 1495 1373 1536 numquam
1411 1486 1555 1523 tamen

156 1553 200 1592 in
228 1553 306 1593 hac
325 1552 558 1605 impietatis
578 1551 804 1605 disciplina
823 1550 1047 1591 simulatae
1073 1549 1365 1603 philosophiae
1384 1549 1556 1590 nomine

156 1624 285 1673 atque
309 1619 564 1660 auctoritate
588 1618 821 1673 pollebunt.
884 1618 993 1658 Cum
1017 1616 1254 1657 Abderiten
1280 1616 1554 1670 Protagoram

158 1687 444 1728 Athenienses
503 1686 585 1726 viri
644 1686 838 1727 consulte
890 1684 1033 1738 potius
1080 1697 1205 1737 quarn
1267 1683 1444 1737 profane
1502 1684 1554 1724 de

157 1754 384 1795 divinitate
421 1753 715 1808 disputantem
751 1758 794 1793 et
829 1751 1072 1806 expulerint
1109 1751 1196 1791 suis
1238 1751 1395 1791 finibus
1431 1755 1474 1791 et
1509 1751 1553 1790 in

156 1822 354 1862 contione
391 1822 480 1862 eius
505 1821 664 1874 scripta
688 1820 939 1868 deusserint,
964 1818 1099 1872 quid?
1135 1818 1327 1859 homines
1352 1818 1553 1869 (sustine-

156 1889 257 1929 bitis
317 1889 431 1930 enim
479 1902 545 1929 me
594 1889 803 1942 impetum
862 1891 1082 1940 susceptae
1140 1885 1320 1926 actionis
1379 1884 1553 1926 liberius

156 1959 442 2008 exserentem)
489 1956 694 2004 homines,
741 1955 929 2008 inquam,
976 1953 1233 2007 deploratae,
1279 1952 1457 1993 illicitae
1504 1966 1553 1993 ac

157 2023 403 2077 desperatae
429 2022 625 2064 factionis
651 2022 830 2077 grassari
855 2021 899 2061 in
930 2020 1028 2061 deos
1058 2034 1144 2060 non
1180 2019 1552 2074 ingemescendum

156 2093 252 2131 est?
339 2090 423 2140 Qui
458 2090 510 2130 de
547 2089 700 2130 ultima
735 2090 850 2130 faece
887 2087 1077 2129 collectis
1124 2087 1460 2141 imperitioribus
1509 2092 1551 2127 et

157 2157 408 2198 mulieribus
427 2157 613 2198 credulis
639 2171 764 2198 sexus
790 2156 855 2197 sui
881 2155 1088 2196 facilitate
1111 2154 1356 2195 labentibus
1382 2153 1550 2208 plebem

156 2225 357 2277 profanae
383 2224 687 2265 coniurationis
712 2224 962 2270 instituunt,
985 2235 1094 2275 quae
1126 2221 1346 2262 nocturnis
1379 2235 1548 2274 congre-

154 2292 396 2345 gationibus
432 2296 474 2332 et
509 2291 680 2332 ieiuniis
713 2290 971 2332 solemnibus
997 2294 1039 2330 et
1070 2288 1316 2329 inhumanis
1341 2288 1446 2328 cibis
1466 2302 1550 2329 non

154 2372 271 2399 sacro
319 2358 514 2411 quodam,
561 2358 634 2399 sed
693 2358 860 2412 piaculo
909 2356 1193 2404 foederantur,
1240 2355 1449 2395 latebrosa
1508 2361 1550 2396 et

154 2425 369 2479 lucifugax
396 2425 524 2473 natio,
562 2425 605 2465 in
642 2425 861 2478 publicum
904 2430 1035 2471 muta,
1070 2423 1114 2462 in
1150 2422 1317 2476 angulis
1352 2421 1551 2476 garrula:
