1704 2704
160 109 184 148 5
195 110 219 150 8
707 107 1006 149 OCTAVIUS

157 216 305 265 divisa,
330 216 461 257 moles
495 216 588 264 ista,
613 229 697 269 qua
733 216 977 257 continetur
1012 221 1057 258 et
1091 216 1288 271 cingitur,
1313 219 1553 260 subruatur.

155 284 197 324 N
200 298 246 325 ec
270 284 349 324 hac
374 284 532 324 furiosa
556 284 755 337 opinione
781 284 971 324 contenti
996 283 1130 325 aniles
1155 283 1322 326 fabulas
1354 290 1555 326 astruunt

155 357 198 392 et
230 351 495 392 adnectunt:
531 351 696 392 renasci
720 364 763 392 se
790 351 935 392 ferunt
968 357 1064 405 post
1099 357 1281 393 mortem
1315 358 1358 393 et
1390 353 1553 394 cineres

155 424 197 459 et
230 418 399 459 favillas
432 423 475 459 et
507 419 648 459 nescio
678 431 762 471 qua
791 418 946 459 fiducia
975 418 1208 459 mendaciis
1244 420 1332 460 suis
1368 420 1553 461 invicem

153 485 359 527 credunt:
397 491 520 540 putes
559 499 628 526 eos
670 485 756 526 iam
799 486 1013 527 revixisse.
1085 487 1256 540 Anceps
1304 487 1465 528 malum
1511 494 1553 528 et

151 553 320 606 gemina
345 553 573 601 dementia,
597 552 712 593 caelo
739 557 781 593 et
805 553 942 602 astris,
967 567 1074 607 quae
1101 554 1160 594 sic
1186 553 1478 607 relinquimus,
1504 560 1553 596 ut

151 621 407 669 invenimus,
432 620 658 661 interitum
695 620 959 668 denuntiare,
985 620 1066 661 sibi
1102 621 1281 662 mortuis
1317 622 1553 670 exstinctis,

152 689 226 741 qui
272 688 385 729 sicut
432 688 646 728 nascimur
693 693 735 728 et
781 687 1020 736 interimus,
1062 688 1362 730 aeternitatem
1410 703 1551 742 repro-

151 756 321 796 mittere
341 759 348 795 !
419 755 525 795 Inde
551 754 752 795 videlicet
777 760 821 796 et
845 763 1120 796 exsecrantur
1140 769 1261 809 rogos
1281 760 1324 797 et
1343 756 1551 797 damnant

150 823 314 877 ignium
339 823 595 876 sepulturas,
621 823 742 876 quasi
779 836 864 862 non
901 836 1025 863 omne
1063 837 1225 876 corpus,
1250 824 1331 864 etsi
1368 824 1550 865 flammis

149 890 439 939 subtrahatur,
455 889 579 930 annis
599 895 743 930 tamen
762 895 805 930 et
824 890 1036 931 aetatibus
1061 890 1105 930 in
1130 895 1288 931 terram
1304 890 1552 939 resolvatur,

150 971 226 998 nec
262 958 447 1005 intersit,
472 962 618 998 utrum
643 957 757 997 ferae
781 956 989 1011 diripiant
1023 972 1078 998 an
1114 957 1249 998 maria
1286 964 1549 1007 consumant,

148 1039 203 1065 an
228 1024 383 1065 humus
408 1030 605 1078 contegat
629 1038 684 1064 an
708 1024 879 1064 flamma
904 1024 1127 1074 subducat,
1152 1039 1249 1066 cum
1274 1025 1549 1067 cadaveribus

148 1092 285 1133 omnis
321 1092 551 1146 sepultura,
581 1092 616 1132 si
653 1091 857 1140 sentiunt,
883 1105 1018 1145 poena
1054 1093 1121 1139 sit,
1159 1093 1195 1133 si
1231 1106 1318 1133 non
1353 1093 1548 1134 sentiunt

91 1174 104 1180 ’
148 1160 240 1212 ipsa
265 1159 518 1200 conficiendi
544 1159 763 1200 celeritate
788 1159 1011 1200 medicina.
1083 1159 1178 1200 Hoc
1216 1173 1355 1201 errore
1381 1160 1548 1215 decepti

149 1227 317 1268 beatam
341 1227 435 1275 sibi,
461 1232 511 1268 ut
535 1226 669 1275 bonis,
695 1231 737 1267 et
773 1230 994 1280 perpetem
1029 1226 1166 1268 vitam
1203 1227 1384 1269 mortuis
1421 1228 1546 1282 polli-

146 1299 310 1343 centur,
337 1294 490 1335 ceteris
516 1298 564 1334 ut
588 1293 774 1343 iniustis,
801 1307 982 1348 poenam
1008 1294 1326 1348 sempiternam.

144 1456 186 1522 ξξ
215 1463 305 1503 5-9.
347 1462 429 1502 The
457 1461 703 1502 Christian&
731 1462 870 1514 theory
893 1461 984 1501 that
1008 1462 1163 1502 outsz'cle
1193 1461 1300 1501 their
1322 1466 1395 1501 sect
1430 1462 1466 1502 is
1493 1476 1545 1502 ‘no

278 1530 531 1582 redemption
556 1530 591 1569 is
614 1529 803 1581 illoyt‘cal.
879 1528 1004 1568 Theio-
1029 1529 1168 1581 theory
1197 1529 1246 1582 of
1264 1530 1545 1577 resurrection,

276 1598 372 1645 also,
396 1598 433 1637 ‘is
456 1597 552 1637 besec
576 1597 677 1636 with
702 1595 940 1649 difficulties.

226 1698 369 1738 Multa
395 1697 447 1738 ad
472 1697 575 1738 haec
600 1700 850 1751 suppetunt,
870 1697 915 1736 ni
935 1696 1110 1738 festinet
1136 1697 1280 1737 oratio.
1355 1697 1542 1738 Iniustos

141 1766 254 1818 ipsos
296 1765 430 1820 magis
482 1779 561 1805 nec
601 1764 758 1813 laboro,
801 1764 886 1804 iam
934 1763 1085 1804 docui:
1145 1777 1417 1818 quamquam,
1459 1765 1541 1805 etsi

139 1833 273 1873 iustos
298 1832 454 1881 darem,
479 1832 650 1886 culpam
686 1836 832 1872 tamen
857 1830 926 1872 vel
962 1831 1252 1871 innocentiam
1284 1831 1372 1872 fato
1408 1831 1540 1872 tribui

140 1901 235 1940 novi
276 1899 503 1941 sententiis
545 1898 836 1953 plurimorum.
908 1898 967 1938 Et
1002 1898 1105 1939 haec
1141 1902 1284 1939 vestra
1319 1899 1540 1939 consensio

138 1973 227 2017 est3
252 1981 351 2007 nam
377 1966 587 2021 quidquid
613 1966 790 2020 agimus,
815 1969 864 2006 ut
883 1965 958 2005 alii
977 1965 1076 2013 fato,
1096 1965 1158 2006 ita
1173 1979 1246 2006 vos
1267 1965 1345 2006 deo
1371 1965 1513 2007 dicitis
1531 1981 1538 2016 3

137 2034 197 2075 sic
237 2039 377 2075 sectae
414 2039 581 2075 vestrae
617 2047 703 2074 non
747 2037 1003 2087 spontaneos
1045 2046 1209 2086 cupere,
1253 2032 1326 2073 sed
1368 2032 1535 2074 electos.

137 2101 276 2155 Igitur
301 2102 498 2156 iniquum
523 2100 709 2142 iudicem
734 2099 908 2153 fingitis,
934 2100 1008 2153 qui
1032 2105 1190 2140 sortem
1218 2099 1263 2139 in
1289 2099 1536 2141 hominibus

135 2169 298 2222 puniat,
314 2182 400 2209 non
416 2168 693 2209 voluntatem.
746 2166 914 2208 Vellem
932 2171 1076 2208 tamen
1096 2166 1317 2215 sciscitari,
1333 2171 1536 2208 utrumne

134 2249 232 2276 cum
256 2235 502 2290 corporibus
527 2249 585 2276 cm
609 2235 751 2288 absque
769 2234 1015 2287 corporibm,
1033 2239 1077 2275 et
1101 2234 1348 2287 corporibus
1368 2234 1535 2287 quibus,

132 2303 291 2356 ipsisne
317 2317 369 2343 an
395 2302 610 2343 innovatis
629 2306 882 2355 resurgatur.
954 2301 1053 2342 Sine
1073 2302 1276 2355 corpore?
1312 2300 1402 2349 hoc,
1422 2301 1535 2355 quod

133 2370 276 2418 sciam,
323 2383 461 2423 neque
507 2382 627 2410 mens
675 2381 812 2421 neque
859 2367 1001 2408 anima
1048 2381 1125 2409 nec
1161 2367 1249 2408 vita
1286 2372 1360 2408 est.
1433 2368 1533 2422 Ipso

133 2451 305 2491 corpore
326 2439 338 2477 ἓ
373 2436 448 2478 sed
471 2437 556 2477 iam
580 2441 681 2477 ante
700 2435 914 2489 dilapsum
934 2441 1007 2475 est.
1079 2434 1179 2475 Alio
1195 2438 1400 2488 corpore?
1437 2448 1532 2490 ergo
