1704 2704
646 93 949 135 OCTAVIUS
1436 95 1492 135 59

100 203 224 243 homo
249 216 383 243 novus
410 202 608 249 nascitur,
635 216 718 242 non
743 202 857 255 prior
875 201 947 240 ille
968 204 1199 254 reparatur.
1271 201 1327 240 Et
1352 205 1494 242 tamen
1538 207 1555 234 8

98 274 218 310 tanta
243 276 357 310 aetas
383 269 499 317 abiit,
525 269 693 310 saecula
718 269 943 308 innumera
972 260 1215 308 fluxerunt:
1252 268 1348 321 quis
1387 282 1493 309 unus

98 336 210 377 ullus
247 337 300 377 ab
340 337 487 377 inferis
525 337 591 377 vel
629 335 855 376 Protesilai
891 340 1005 376 sorte
1040 334 1257 382 remeavit,
1294 335 1493 375 horarum

98 403 250 444 saltem
274 404 478 456 permisso
504 409 755 451 commeatu,
779 401 849 443 vel
884 406 933 442 ut
967 401 1162 455 exemplo
1196 402 1494 442 crederemus‘.l

99 470 254 510 Omnia
295 471 378 511 ista
419 472 620 524 figmenta
671 470 780 510 male
836 482 964 509 sanae
1006 469 1218 522 opinionis
1260 474 1303 509 et
1345 469 1494 522 inepta
1536 473 1553 501 9

97 537 249 578 solacia
283 551 307 578 a
339 538 475 591 poetis
511 538 735 578 fallacibus
771 537 815 576 in
852 536 1076 576 dulcedine
1114 536 1313 576 carminis
1350 535 1444 576 lusa
1470 550 1492 575 a

96 605 215 645 vobis
240 605 444 644 nimirum
468 605 652 645 credulis
688 605 732 644 in
767 603 894 644 deum
919 608 1109 644 vestrum
1143 603 1328 656 turpiter
1361 603 1490 644 refor-

96 677 209 712 mata
233 677 345 712 sunt.

592 803 864 844 CHAPTER
902 803 993 843 XII

96 904 332 944 Christiane
357 918 427 943 are
445 918 471 943 a
491 903 685 943 wretched
709 904 774 951 lot,
791 903 959 955 leading]
984 917 1011 942 a
1034 903 1199 955 dreary,
1217 902 1403 942 eheerless
1426 916 1488 942 ea*-

226 972 381 1019 menae,
397 971 576 1023 demsings
593 971 818 1011 themselves
833 970 982 1022 lawful
997 970 1211 1022 pleoffsures.
1276 969 1402 1010 Their
1412 970 1490 1022 qod

226 1038 313 1078 will
331 1043 399 1078 not
418 1052 463 1078 or
481 1043 626 1078 cannot
646 1038 736 1091 help
756 1038 864 1077 them
879 1051 970 1077 even
989 1038 1037 1077 ἰἶη
1056 1037 1138 1077 this
1162 1037 1235 1088 life
1251 1052 1266 1085 ‚·
1290 1036 1411 1077 while
1428 1037 1491 1076 the

226 1106 406 1145 Romans
429 1106 524 1145 hold
542 1119 652 1158 sway
676 1105 763 1145 smel
786 1105 938 1158 empire
964 1104 1212 1156 throughout
1238 1104 1300 1144 the
1325 1104 1462 1144 world.

178 1203 267 1244 Nec
308 1204 459 1245 saltem
503 1204 553 1244 de
596 1204 890 1258 praesentibus
937 1203 1088 1256 capitis
1136 1203 1488 1256 experimentum,
1532 1214 1546 1243 1

92 1284 220 1323 quam
267 1285 341 1312 vos
388 1271 531 1312 irritae
579 1271 899 1324 pollicitationis
948 1284 1065 1311 cassa
1107 1274 1205 1310 vota
1248 1269 1487 1324 decipiant:

92 1337 193 1390 quid
224 1344 320 1391 post
352 1343 532 1379 mortem
561 1338 816 1392 impendeat,
842 1338 996 1385 miseri,
1021 1337 1122 1377 duni
1157 1337 1295 1378 adhuc
1328 1337 1486 1385 vivitis,

91 1405 324 1446 aestimate.
396 1406 504 1446 Ecce
524 1419 619 1459 pars
638 1410 840 1453 vestrum,
856 1409 899 1445 et
922 1405 1066 1453 maior,
1083 1405 1242 1454 melior,
1258 1409 1306 1445 ut
1331 1404 1486 1453 dicitis,

91 1472 234 1525 egetis,
260 1473 420 1526 algetis,
447 1486 570 1526 opere
596 1473 705 1513 same
738 1472 950 1520 laboratis,
986 1476 1028 1513 et
1064 1471 1166 1512 deus
1201 1472 1374 1525 patitur,
1399 1472 1484 1513 dis-

92 1539 275 1589 simulat,
301 1554 387 1580 non
412 1540 509 1580 vult
532 1545 607 1580 aut
637 1554 721 1580 non
759 1544 900 1593 potest
937 1539 1137 1593 opitulari
1174 1539 1288 1580 suis:
1324 1539 1384 1579 ita
1409 1546 1484 1580 aut

91 1606 304 1647 invalidus
329 1612 404 1647 aut
428 1607 601 1661 iniquus
621 1613 694 1647 est.
765 1607 827 1646 Tu
853 1606 928 1660 qui
946 1606 1314 1647 immortalitatem
1339 1611 1483 1659 postu-

92 1687 204 1715 mam
251 1675 447 1723 somnias,
496 1688 594 1715 cum
651 1674 840 1727 periculo
900 1674 1101 1726 quateris,
1149 1687 1245 1714 cum
1294 1673 1483 1714 febribus

91 1741 234 1790 ureris,
259 1755 356 1782 cum
392 1741 533 1782 dolore
570 1741 776 1790 laceraris,
814 1741 1005 1781 nondum
1041 1740 1333 1782 condicionem
1364 1746 1482 1782 tuam

91 1809 259 1850 sentis?
306 1809 496 1849 nondum
538 1809 728 1862 agnoscis
776 1808 1087 1861 fragilitatem?
1130 1808 1304 1856 invitus,
1346 1808 1484 1857 miser,

91 1875 353 1917 infirmitatis
378 1876 562 1929 argueris
588 1889 665 1916 nec
689 1875 861 1916 fateris!

174 1943 255 1984 Sed
288 1943 438 1984 omitto
467 1943 718 1984 communia.
790 1943 897 1983 Ecce
932 1942 1049 1983 vobis
1086 1943 1237 1990 minae,
1262 1942 1483 1996 supplicia,
1527 1956 1541 1983 4

90 2014 311 2059 tormenta,
337 2015 379 2052 et
416 2010 500 2050 iam
536 2024 623 2051 non
658 2009 897 2050 adorandae
934 2009 1007 2050 sed
1045 2009 1292 2050 subeundae
1325 2023 1480 2059 cruces7

90 2077 206 2129 ignes
237 2077 367 2118 etiam
393 2091 498 2131 quos
523 2082 566 2118 et
591 2077 839 2131 praedicitis
865 2082 907 2118 ct
932 2077 1120 2117 timetis:
1158 2077 1231 2117 ubi
1267 2077 1370 2118 deus
1408 2077 1481 2118 ille

90 2145 164 2197 qui
210 2145 438 2185 subvenire
491 2144 845 2185 reviviscentibus
897 2148 1049 2197 potest,
1098 2144 1345 2185 viventibus
1395 2158 1480 2185 nou

90 2214 261 2264 potest?
330 2212 485 2252 Nonne
535 2211 712 2252 Romani
772 2212 862 2252 sine
922 2216 1062 2253 vestro
1121 2211 1198 2252 deo
1258 2212 1482 2265 imperant,
1523 2222 1542 2251 5

90 2284 278 2332 regnant,
304 2279 507 2319 fruuntur
532 2280 631 2319 orbe
658 2283 747 2319 toto
773 2278 990 2332 vestrique
1015 2279 1324 2319 dominantur?
1393 2279 1480 2319 Vos

92 2358 185 2385 vero
210 2346 403 2399 suspensi
428 2346 600 2386 interim
620 2350 748 2399 atque
773 2345 945 2386 solliciti
970 2346 1158 2386 honestis
1185 2345 1480 2399 voluptatibus

89 2412 337 2453 abstinetis:
374 2427 458 2453 non
491 2413 733 2467 spectacula
759 2413 908 2460 visitis,
934 2426 1019 2453 non
1052 2413 1218 2466 pompis
1252 2413 1480 2462 interestis,

1527 1415 1546 1443 [Ο

1527 1619 1544 1649 0³
