1704 2704
636 116 935 159 OCTAVIUS
1422 116 1480 156 83

86 226 221 266 videri
252 226 387 280 possit
418 225 676 266 industriam
705 237 826 264 casus
860 224 1066 271 imitatus,
1091 222 1311 276 aggrediar
1341 227 1484 263 tamen

87 293 249 334 fontem
290 293 431 347 ipsum
473 293 623 333 erroris
665 301 708 332 et
749 291 989 344 pravitatis,
1024 290 1136 330 unde
1173 289 1310 329 omnis
1351 289 1485 342 caligo

89 361 171 401 ista
195 361 398 408 manavit,
423 364 465 400 et
490 359 619 399 altius
644 372 790 399 eruere
816 362 859 398 et
884 357 1046 411 aperire
1071 356 1351 397 manifestius.

174 427 360 480 Spiritus
380 431 482 467 sunt
514 426 727 473 insinceri,
754 425 860 479 vagi,
886 439 909 464 a
934 424 1106 465 caelesti
1132 423 1275 477 vigore
1308 423 1487 463 terrenis
1529 431 1546 461 8

90 494 257 534 labibus
293 500 335 535 et
377 493 687 547 cupiditatibus
728 492 958 545 degravati.
1015 491 1095 531 Isti
1131 490 1263 544 igitur
1298 490 1489 543 spiritus,

90 566 367 615 posteaquam
419 560 738 614 simplicitatem
786 558 1051 600 substantiae
1098 571 1198 598 suae
1252 558 1394 598 onusti
1447 561 1490 597 et

90 629 278 669 immersi
312 628 429 669 vitiis
467 627 755 681 perdiderunt,
780 627 832 666 ad
869 625 1069 666 solacium
1097 624 1354 665 calamitatis
1391 638 1490 665 suae

92 709 176 736 non
212 695 414 736 desinunt
450 695 607 748 perditi
642 694 726 734 iam
763 693 937 747 perdere
971 697 1013 734 et
1050 693 1271 746 depravati
1307 705 1491 733 errorem

92 763 318 816 pravitatis
360 762 586 802 infundere
627 766 669 801 et
709 760 883 801 alienati
925 775 948 800 a
995 760 1073 801 deo
1114 759 1301 800 inductis
1349 759 1492 812 pravis

92 830 365 884 religionibus
391 843 414 869 a
447 829 523 869 deo
547 842 777 882 segregare.
827 828 911 869 Eos
944 828 1118 882 spiritus
1152 827 1378 868 daemonas
1404 839 1493 867 esse
1535 833 1552 863 9

92 902 241 951 poetae
279 897 432 945 sciunt,
467 896 708 950 philosophi
752 895 978 944 disserunt,
1015 895 1209 936 Socrates
1251 894 1383 942 novit,
1421 893 1495 947 qui

94 964 147 1004 ad
195 969 349 1004 nutum
391 970 433 1004 et
480 963 706 1004 arbitrium
755 963 984 1003 assidentis
1031 962 1112 1003 sibi
1160 961 1378 1003 daemonis
1426 960 1495 1001 vel

94 1031 336 1072 declinabat
361 1031 529 1085 negotia
553 1030 622 1070 vel
655 1030 836 1084 petebat.
875 1030 994 1083 Magi
1020 1042 1187 1085 quoque
1213 1043 1299 1069 non
1325 1033 1494 1068 tantum
1515 1033 1554 1064 10

94 1098 235 1138 sciunt
260 1098 497 1145 daemonas,
516 1098 588 1138 sed
615 1098 745 1138 etiam
770 1097 980 1150 quidquid
1005 1096 1201 1138 miraculi
1227 1095 1395 1144 ludunt,
1420 1109 1495 1148 per

94 1165 320 1206 daemonas
367 1165 556 1206 faciunt:
607 1165 694 1205 illis
741 1165 1028 1218 aspirantibus
1076 1169 1119 1206 et
1167 1163 1494 1204 infundentibus

95 1233 342 1287 praestigias
384 1232 529 1281 edunt,
566 1232 634 1272 vel
675 1246 784 1286 quae
826 1246 911 1272 non
953 1237 1055 1273 sunt
1095 1231 1242 1278 videri,
1279 1231 1346 1271 vel
1389 1243 1496 1284 quae

95 1304 197 1340 sunt
234 1314 317 1340 non
343 1300 489 1340 videri.
542 1300 700 1339 Eorum
732 1313 951 1353 magorum
977 1305 1019 1340 et
1055 1299 1223 1351 eloquio
1248 1303 1292 1338 et
1327 1297 1496 1352 negotio
1516 1303 1553 1332 11

95 1367 257 1421 primus
317 1367 532 1408 Hostanes
580 1372 622 1407 et
680 1381 829 1408 verum
889 1366 1015 1407 deum
1069 1366 1221 1408 merita
1274 1366 1495 1405 maiestate

94 1434 363 1488 prosequitur
398 1439 441 1475 et
475 1434 658 1489 angelos,
694 1434 737 1475 id
773 1439 838 1475 est
875 1434 1091 1475 ministros
1128 1437 1170 1474 et
1206 1433 1392 1481 nuntios,
1429 1431 1497 1472 dei

94 1501 237 1542 sedem
279 1501 389 1543 tueri
431 1502 605 1554 eiusque
647 1501 911 1542 venerationi
954 1502 1075 1543 novit
1116 1501 1324 1548 assistere,
1366 1503 1416 1539 ut
1455 1504 1498 1539 et

95 1573 204 1609 nutu
240 1569 332 1623 ipso
368 1573 410 1609 et
446 1568 569 1609 vultu
606 1568 767 1609 domini
802 1569 943 1609 territi
980 1571 1330 1609 contremescant.
1374 1566 1495 1607 Idem

96 1636 225 1677 etiam
273 1636 499 1677 daemonas
546 1636 733 1689 prodidit
782 1641 981 1685 terrenos,
1029 1650 1167 1689 vagos,
1215 1633 1499 1675 humanitatis
1540 1640 1580 1670 12

95 1702 300 1744 inimicos.
379 1703 492 1752 Quid
546 1703 681 1751 Plato,
729 1703 802 1757 qui
850 1703 1041 1743 invenire
1097 1703 1224 1743 deum
1280 1701 1496 1755 negotium

96 1770 286 1819 credidit,
307 1784 448 1811 nonne
468 1775 509 1811 et
528 1771 698 1824 angelos
719 1771 810 1811 sine
830 1771 999 1824 negotio
1019 1775 1162 1811 narrat
1181 1774 1225 1810 et
1245 1770 1498 1810 daemonas?

97 1842 139 1878 et
163 1837 207 1877 in
241 1837 464 1891 Symposio
489 1838 619 1878 etiam
644 1852 719 1878 suo
745 1842 944 1878 naturam
975 1838 1233 1879 daemonum
1258 1836 1497 1889 exprimere

97 1904 333 1945 conititur?
382 1904 489 1945 Vult
525 1905 639 1945 enim
676 1919 765 1946 esse
802 1905 1086 1945 substantiam
1122 1905 1235 1945 inter
1271 1903 1497 1944 mortalem

96 1971 476 2025 immortalemque,
502 1972 544 2012 id
578 1977 642 2013 est
673 1972 785 2013 inter
809 1986 960 2026 corpus
994 1977 1036 2013 et
1069 1972 1267 2026 spiritum
1300 1970 1497 2018 mediam,

97 2039 253 2079 terreni
302 2039 501 2093 ponderis
544 2044 586 2080 et
627 2039 822 2080 caelestis
865 2039 1055 2080 levitatis
1095 2039 1358 2080 admixtione
1399 2051 1497 2078 con-

98 2111 268 2155 cretam,
293 2120 343 2147 ex
381 2120 464 2160 qua
497 2111 640 2147 monet
677 2107 807 2147 etiam
839 2120 915 2147 nos
951 2107 1189 2147 daemonem
1225 2105 1377 2146 amoris
1413 2118 1498 2152 esse,

99 2177 141 2213 et
165 2173 268 2213 dicit
304 2174 523 2214 informari
548 2179 590 2214 et
626 2174 712 2214 labi
742 2174 986 2227 pectoribus
1023 2174 1221 2215 humanis
1247 2178 1289 2214 ct
1325 2186 1497 2213 sensum

97 2253 264 2280 movere
305 2245 348 2281 et
394 2241 571 2281 affectus
619 2242 775 2295 fingere
817 2246 861 2282 et
908 2241 1100 2281 ardorem
1143 2240 1391 2295 cupiditatis
1434 2239 1496 2279 in-

100 2306 284 2348 fundere.
