1704 2704
108 1985 149 2016 10

211 114 300 155 100
758 114 1060 157 OCTAVIUS

206 224 402 265 Mucium
428 224 687 273 Scaevolam,
713 225 787 278 qui
823 238 919 264 cum
956 229 1137 265 errasset
1172 225 1217 265 in
1254 239 1406 279 regern,
1431 227 1610 280 perisset

205 292 249 332 in
297 292 505 340 hostibus,
554 292 637 332 nisi
683 292 904 333 dexteram
952 292 1218 346 perdidisset.
1302 293 1358 333 Et
1405 299 1509 347 quot
1556 309 1608 336 ex

205 360 374 409 nostris,
399 373 485 400 non
510 360 706 400 dextram
731 359 882 408 solum,
907 360 980 400 sed
1006 365 1145 400 totum
1171 373 1321 414 corpus
1342 361 1409 401 uri
1429 364 1609 404 cremari

204 427 295 468 sine
332 427 432 468 ullis
470 426 700 468 eiulatibus
736 427 1020 480 pertulerunt,
1045 441 1143 467 cum
1169 427 1333 469 dimitti
1358 430 1607 482 praesertim

204 494 410 535 haberent
446 495 490 534 in
527 508 604 534 sua
638 500 864 548 potestate.
935 494 1063 535 Viros
1100 508 1196 534 cum
1232 495 1380 536 Mucio
1404 496 1473 537 vel
1509 511 1607 538 cum

202 562 379 616 Aquilio
427 567 502 602 aut
551 562 713 615 Regulo
761 564 992 615 comparo?
1064 562 1192 602 Pueri
1240 567 1283 602 et
1330 563 1606 606 mulierculae

202 634 373 670 nostrae
406 643 551 670 cruces
580 635 622 670 et
656 634 881 676 tormenta,
906 630 1015 669 feras
1048 635 1090 669 et
1123 642 1268 670 omnes
1298 631 1606 684 suppliciorum

200 697 422 738 terriculas
447 697 653 750 inspirata
679 696 887 750 patientia
911 696 1066 737 doloris
1092 696 1291 738 illudunt.
1363 698 1454 739 Nec
1479 699 1606 740 intel-

201 764 357 818 legitis,
383 778 405 805 0
431 764 587 812 miseri,
611 764 827 805 neminem
853 777 943 804 esse
969 764 1043 817 qui
1075 769 1150 804 aut
1185 765 1277 805 sine
1311 765 1475 807 ratione
1501 767 1607 808 velit

201 845 381 886 poenam
407 831 547 873 subire
572 837 648 872 aut
673 836 889 872 tormenta
914 831 1005 872 sine
1031 831 1108 872 deo
1134 833 1268 885 possit
1293 833 1512 875 sustinere.

270 998 394 1042 7-10.
443 1000 603 1040 Wealth
627 1001 715 1040 ancl
733 1014 872 1054 power
896 1015 966 1040 are
985 1001 1225 1055 trcmsz'tory.
1300 1001 1544 1055 Isozowledye
1563 1003 1612 1056 of

447 1067 534 1108 God
557 1068 666 1108 lem-[s
691 1072 728 1108 to
753 1068 927 1121 abidiny
953 1068 1175 1121 happiness
1199 1069 1366 1121 (12-5).

199 994 218 1060 ἓ

222 993 240 1060 ess-3

282 1167 379 1208 Nisi
404 1168 513 1208 forte
538 1182 612 1209 vos
649 1168 821 1223 decipit,
847 1168 960 1223 quod
996 1168 1124 1209 deum
1160 1170 1399 1211 nescientes
1434 1170 1601 1212 divitiis

197 1235 386 1285 affluant,
408 1236 639 1277 honoribus
660 1237 853 1284 floreant,
870 1236 1063 1290 polleant
1078 1237 1376 1290 potestatibus.
1447 1238 1601 1279 Miseri

197 1303 241 1343 in
276 1303 354 1344 hoc
385 1303 516 1344 altius
554 1304 781 1353 tolluntur,
807 1309 856 1344 ut
881 1303 1082 1344 decidant
1118 1304 1260 1345 altius.
1331 1305 1393 1345 Hi
1418 1305 1531 1346 enim
1551 1312 1601 1346 ut

196 1370 396 1411 victimae
421 1371 474 1411 ad
500 1371 759 1425 supplicium
785 1371 1050 1425 saginantur,
1076 1377 1124 1412 ut
1149 1371 1313 1413 hostiae
1339 1372 1392 1412 ad
1417 1386 1598 1427 poenam

196 1444 478 1489 coronantur3
514 1438 559 1479 in
583 1438 662 1479 hoc
681 1439 785 1479 adeo
805 1439 980 1493 quidam
1006 1439 1198 1493 imperiis
1224 1453 1271 1480 ac
1296 1439 1598 1481 dominationi-

195 1505 273 1545 bus
290 1506 525 1560 eriguntur,
544 1512 593 1546 ut
609 1506 829 1559 ingenium
848 1520 993 1547 eorum
1013 1506 1203 1560 perditae
1223 1507 1379 1548 mentis
1398 1507 1598 1549 licentiae

194 1574 419 1626 potestatis
444 1573 577 1614 libere
602 1574 909 1615 nundinentur.
980 1573 1157 1628 Absque
1191 1574 1305 1614 enim
1337 1575 1493 1616 notitia
1530 1575 1598 1616 dei

194 1654 302 1693 quae
327 1645 468 1694 potest
493 1655 583 1682 esse
609 1641 743 1682 solida
768 1641 963 1689 felicitas,
989 1654 1087 1682 cum
1117 1655 1230 1682 mors
1263 1642 1353 1683 sit?
1424 1643 1597 1683 Somnio

193 1707 357 1756 similis,
393 1714 624 1762 antequam
661 1713 844 1757 tenetur,
879 1708 1075 1749 elabitur.
1147 1709 1239 1750 Rex
1276 1711 1348 1750 es?
1398 1710 1470 1750 sed
1507 1715 1597 1751 tam

192 1774 318 1816 times
357 1789 488 1829 quam
529 1776 704 1825 timeris,
743 1780 786 1817 et
827 1776 1065 1830 quamlibet
1106 1776 1164 1817 sis
1206 1776 1344 1817 multo
1387 1777 1594 1818 comitatu

191 1843 388 1896 stipatus,
413 1843 466 1883 ad
495 1843 734 1897 periculum
769 1848 912 1884 tamen
939 1843 1054 1884 solus
1079 1856 1133 1884 es,
1205 1844 1340 1884 Dives
1365 1847 1442 1885 es?
1512 1844 1595 1886 Sed

191 1909 388 1951 fortunae
413 1911 524 1951 male
550 1911 735 1952 creditur
767 1916 811 1952 et
843 1924 996 1965 magno
1021 1910 1178 1952 viatico
1215 1911 1344 1952 breve
1369 1911 1481 1953 vitae
1514 1912 1595 1952 iter

190 1990 275 2017 non
334 1977 578 2027 instruitur,
626 1978 700 2019 sed
756 1983 967 2027 oneratur,
1052 1977 1255 2019 Fascibus
1302 1982 1344 2019 et
1390 1979 1594 2032 purpuris

188 2044 414 2097 gloriaris?
485 2045 635 2086 Vanus
678 2059 794 2086 error
836 2045 1022 2086 hominis
1064 2050 1106 2086 et
1142 2046 1285 2086 inanis
1317 2045 1460 2087 cultus
1503 2047 1594 2101 dig-

188 2111 339 2152 nitatis
381 2112 542 2166 fulgere
591 2127 791 2167 purpura,
838 2118 981 2153 mente
1029 2113 1278 2154 sordescere.
1350 2113 1593 2155 Nobilitate

187 2191 414 2232 generosus
457 2182 534 2220 es?
603 2181 810 2221 Parentes
853 2186 950 2221 tuos
992 2179 1175 2221 laudas?
1246 2180 1405 2222 Omnes
1447 2185 1593 2222 tamen

185 2246 279 2298 pari
303 2252 414 2288 sorte
440 2247 666 2299 nascimur,
692 2247 781 2290 sola
806 2247 968 2290 virtute
994 2246 1310 2302 distinguimur.
