1704 2704
651 93 951 135 OCTAVIUS
1437 94 1461 132 8
1474 93 1493 132 1

106 203 350 244 Cloacinam
375 203 521 244 Tatius
547 206 589 243 et
613 201 779 242 invenit
804 205 846 241 et
871 200 1014 249 coluit,
1041 200 1248 240 Pavorem
1285 198 1498 239 Hostilius

104 275 232 323 atque
258 270 479 317 Pallorem,
505 283 602 309 mox
636 283 660 309 a
692 268 832 309 nescio
857 281 940 320 quo
965 267 1112 307 Febris
1143 266 1360 307 dedicata:
1397 265 1499 305 haec

105 337 279 377 alumna
321 337 437 377 urbis
478 336 603 377 istius
651 335 910 389 superstitio,
951 334 1087 374 morbi
1128 338 1171 374 et
1212 332 1347 373 malae
1385 331 1500 372 vale-

106 404 275 445 tudines
297 406 304 444 1
374 404 483 444 Sane
530 408 573 444 et
613 402 728 443 Acca
767 402 967 442 Larentia
1007 405 1058 441 et·
1086 400 1223 448 Flora,
1259 399 1500 440 meretrices

105 471 397 525 propudiosae,
438 471 552 511 inter
583 470 751 510 morbos
788 470 1077 509 Romanorum
1114 472 1157 508 et
1192 466 1291 507 deos
1328 479 1500 520 compu-

106 538 270 579 tandae.

186 605 266 646 Isti
286 604 448 646 scilicet
468 604 668 644 adversus
684 608 855 651 ceteros,
874 602 948 656 qui
967 602 1011 642 in
1030 601 1227 655 gentibus
1244 600 1503 649 colebantur,
1544 611 1562 640 9

106 673 393 713 Romanorum
416 671 644 725 imperium
669 670 965 724 protulerunt:
1001 683 1139 723 neque
1176 669 1289 710 enim
1326 681 1395 708 eos
1431 667 1503 707 ad-

108 753 279 780 versum
321 752 418 779 suos
460 738 653 779 homines
689 737 758 778 vel
800 737 918 777 Mars
960 736 1175 785 Thracius,
1200 735 1269 776 vel
1306 734 1503 788 Iuppiter

109 807 313 855 Creticus,
339 806 408 847 vel
434 806 543 845 Iuno
568 819 681 845 nunc
707 805 880 858 Argiva,
904 817 1019 844 nunc
1044 803 1197 851 Samia,
1222 816 1338 843 nunc
1364 802 1505 842 Poena

106 875 166 914 vel
190 873 330 914 Diana
355 873 544 921 Taurica,
568 872 637 913 vel
662 872 804 912 Mater
830 871 969 920 Idaea,
987 870 1056 912 vel
1081 869 1295 924 Aegyptia
1319 869 1395 910 illa
1419 882 1504 909 non

109 941 298 989 numina,
322 940 394 981 sed
420 944 619 994 portenta
642 939 855 980 iuverunt.

109 1098 151 1165 ἓξ
181 1105 338 1145 10-12.
412 1104 494 1143 The
513 1108 717 1157 {locamus-S
735 1103 784 1156 of
800 1103 925 1142 Rome
944 1103 980 1142 is
1003 1107 1072 1142 not
1097 1102 1174 1142 due
1193 1105 1230 1142 to
1250 1102 1313 1142 the
1331 1100 1509 1153 sanctim

343 1171 391 1224 of
409 1171 480 1211 her
497 1184 641 1224 payan
659 1171 808 1224 priests
831 1170 918 1210 ancl
942 1170 1102 1222 virqz'ns
1126 1169 1187 1222 (6.
1217 1169 1275 1222 2).

193 1273 290 1314 Nisi
336 1273 445 1313 forte
486 1272 599 1326 apud
646 1272 750 1312 istos
787 1271 921 1311 maior
963 1271 1136 1312 castitas
1178 1270 1393 1324 virginum
1434 1273 1509 1309 aut
1529 1282 1569 1312 10

110 1341 258 1395 religio
309 1339 496 1380 sanctior
550 1339 827 1387 sacerdotum,
875 1352 972 1379 cum
1024 1351 1158 1392 paene
1212 1337 1256 1377 111
1313 1336 1508 1390 pluribus

110 1408 359 1462 virginibus,
385 1407 517 1447 Vesta
541 1420 642 1447 sane
667 1406 895 1454 nesciente,
921 1405 976 1446 sit
1000 1405 1212 1446 incestum
1232 1404 1508 1453 vindicatum,

111 1476 155 1515 in
192 1474 372 1516 residuis
408 1474 709 1528 impunitatem
746 1473 893 1514 fecerit
929 1486 1014 1512 non
1051 1472 1224 1513 castitas
1261 1472 1406 1519 tutior,
1437 1471 1509 1512 sed

110 1541 379 1595 impudicitia
397 1541 569 1582 felicior.
609 1541 695 1581 Ubi
714 1545 857 1581 autem
877 1540 1010 1593 magis
1030 1553 1054 1580 a
1073 1538 1361 1580 sacerdotibus
1381 1552 1508 1592 quam
1530 1550 1566 1579 11

112 1610 225 1650 inter
271 1622 364 1649 aras
411 1613 454 1649 et
500 1608 676 1649 delubra
723 1607 1019 1648 conducuntur
1066 1612 1224 1660 stupra,
1272 1610 1511 1646 tractantur

111 1676 334 1723 lenocinia,
360 1675 570 1716 adulteria
603 1675 899 1716 meditantur?
941 1673 1222 1727 Frequentius
1256 1672 1440 1726 denique
1464 1673 1509 1712 in

112 1743 381 1784 aedituorum
416 1742 582 1783 cellulis
624 1756 753 1795 quam
788 1742 833 1781 in
869 1741 972 1795 ipsis
1008 1740 1286 1795 lupanaribus
1328 1740 1510 1794 flagrans

113 1810 244 1851 libido
270 1810 526 1864 defungitur.

197 1878 253 1918 Et
283 1882 427 1918 tamen
456 1882 556 1918 ante
581 1890 662 1924 eos,
687 1876 764 1916 deo
795 1875 1080 1929 dispensante,
1105 1874 1179 1915 diu
1204 1887 1333 1927 regna
1359 1878 1507 1914 tenue·
1531 1884 1571 1914 12

113 1949 215 1985 runt
260 1944 439 1998 Assyrii,
481 1944 610 1993 Medi,
651 1943 816 1991 Persae,
859 1942 1009 1983 Graeci
1050 1942 1180 1983 etiam
1217 1946 1260 1982 et
1295 1941 1512 1994 Aegyptii,

114 2026 210 2052 cum
230 2012 457 2052 Pontifices
477 2016 520 2052 et
544 2010 724 2051 Arvales
743 2014 787 2051 et
812 2009 946 2050 Salios
967 2014 1009 2050 et
1033 2009 1228 2050 Vestales
1249 2013 1291 2049 et
1316 2009 1511 2063 Augures

114 2092 199 2119 non
231 2079 438 2119 haberent
463 2092 540 2119 nec
572 2077 712 2132 pullos
737 2090 866 2117 cavea
896 2076 1093 2125 reclusos,
1119 2089 1299 2129 quorum
1325 2075 1417 2116 cibo
1443 2075 1510 2116 vel

115 2146 285 2187 fastidio
310 2159 373 2187 res
400 2145 572 2199 publica
597 2159 761 2185 summa
786 2149 1012 2198 regeretur.
