1704 2704
153 100 212 141 92
701 97 1003 140 OCTAVIUS

151 208 466 249 simulacrum?
537 207 762 261 Templum
802 206 915 260 quod
952 207 991 247 ei
1028 212 1256 256 exstruam,
1293 220 1392 247 cum
1434 210 1550 247 totus

151 277 220 317 hic
246 276 431 317 mundus
458 275 547 316 eius
573 289 698 328 opere
725 275 959 315 fabricatus
985 288 1082 314 eum
1107 287 1256 328 capere
1275 288 1360 314 non
1386 274 1551 328 possit?

152 344 207 384 Et
232 358 330 385 eum
355 344 481 383 homo
507 342 637 383 latius
662 356 868 391 maneam,
893 342 1007 382 intra
1039 355 1169 381 unam
1199 341 1438 382 aediculam
1462 341 1551 381 vim

152 416 298 452 tantae
346 410 582 451 maiestatis
618 409 870 450 includam?
940 409 1094 449 Nonne
1130 409 1284 449 melius
1326 408 1370 448 in
1407 413 1552 449 nostra

152 478 412 520 dedicandus
449 482 513 519 est
548 479 725 517 mente?
797 477 849 516 In
886 482 1030 517 nostro
1067 476 1197 516 immo
1239 475 1551 517 consecrandus

151 550 216 587 est
251 552 431 600 pectore.
502 545 678 585 Hostias
720 549 762 585 et
798 544 995 584 victimas
1032 543 1110 584 deo
1147 543 1329 592 offeram,
1366 557 1472 597 quas
1508 543 1552 582 in

151 627 277 654 usum
336 613 420 653 mei
483 612 675 666 protulit,
734 616 782 651 ut
841 611 1012 652 reiciam
1083 611 1122 651 ei
1180 625 1304 651 suum
1363 611 1553 650 munus?

154 681 378 735 Ingratum
413 684 478 721 est
513 693 611 720 cum
647 679 702 719 sit
738 678 917 719 litabilis
952 678 1092 718 hostia
1133 678 1269 718 bonus
1305 679 1474 718 animus
1511 681 1555 718 et

151 762 257 802 pura
282 761 402 789 mens
428 752 471 788 et
503 748 667 787 sincera
692 746 917 787 sententia.
991 746 1129 800 Igitur
1153 745 1227 799 qui
1263 745 1555 786 innocentiam

152 816 266 864 colit,
314 815 392 855 deo
450 814 689 867 supplicat3
748 813 822 867 qui
880 813 1104 862 iustitiam,
1153 813 1231 854 deo
1288 813 1422 863 libat3
1481 812 1555 866 qui

152 883 373 923 fraudibus
399 882 599 931 abstinet,
625 881 827 934 propitiat
855 880 982 921 deum
999 895 1007 931 3
1027 881 1101 934 qui
1126 880 1342 921 hominem
1368 880 1555 934 periculo

152 950 341 1003 surripit,
361 949 567 1003 optimam
587 948 806 989 victimam
826 948 973 988 caedit.
1033 948 1153 988 Haec
1172 953 1318 988 nostra
1337 947 1556 996 sacrificia,

152 1018 255 1058 haec
280 1017 349 1058 dei
373 1030 491 1057 sacra
515 1021 640 1057 sunt:
666 1016 727 1056 sic
761 1015 874 1069 apud
912 1028 988 1056 nos
1024 1015 1259 1069 religiosior
1288 1020 1353 1056 est
1382 1015 1454 1055 ille
1480 1014 1555 1068 qui

152 1085 316 1126 iustior.

154 1305 195 1372 ἓξ
223 1312 315 1351 4-9.
353 1310 407 1363 Is
438 1310 525 1350 God
560 1313 707 1349 cannot
744 1309 784 1349 be
819 1322 907 1348 seen
945 1308 1037 1361 (10.
1073 1309 1130 1361 5),
1166 1308 1232 1348 his
1258 1322 1444 1362 presence
1480 1323 1556 1349 eom

288 1379 328 1418 be
363 1378 449 1432 felt
486 1378 535 1418 in
570 1377 629 1417 all
666 1377 729 1417 the
772 1376 1029 1429 plcenomena
1075 1376 1126 1428 of
1169 1380 1329 1416 nature.
1399 1375 1466 1416 He
1519 1376 1557 1416 z's

288 1445 523 1499 ubiquitous
547 1445 633 1484 and
656 1444 906 1484 omniscient.

239 1548 300 1588 At
342 1547 457 1588 enim
489 1560 619 1600 quem
661 1545 839 1586 colimus
881 1544 1009 1585 deum
1050 1558 1129 1585 nec
1171 1544 1437 1586 ostendimus
1479 1558 1557 1585 nec

155 1615 361 1656 videmus.
434 1614 571 1654 Immo
619 1627 671 1654 ex
730 1613 809 1653 hoc
856 1613 984 1653 deum
1031 1612 1256 1661 credimus,
1304 1612 1417 1666 quod
1458 1625 1556 1653 eum

157 1683 315 1724 sentire
361 1694 599 1736 possumus,
641 1680 786 1721 videre
821 1693 907 1720 non
949 1693 1184 1734 possumus.
1257 1680 1310 1720 In
1357 1679 1557 1733 operibus

157 1751 271 1792 enim
301 1750 392 1790 eius
428 1754 471 1790 et
509 1749 554 1788 in
584 1747 737 1788 mundi
765 1747 962 1787 omnibus
999 1747 1187 1787 motibus
1224 1747 1430 1787 virtutem
1466 1747 1557 1787 eius

157 1831 323 1871 semper
381 1820 650 1870 praesentem
709 1814 950 1868 aspicimus,
1009 1828 1106 1854 cum
1166 1819 1300 1863 tonat,
1353 1814 1556 1868 fulgurat,

158 1885 372 1933 fulminat,
399 1897 496 1924 cum
521 1887 698 1924 serenat.
768 1882 859 1922 Nec
885 1882 1062 1930 mireris,
1087 1881 1122 1922 si
1147 1881 1275 1922 deum
1299 1895 1384 1921 non
1409 1881 1556 1922 vides:

158 1957 287 1993 vento
311 1958 354 1992 et
378 1951 550 1991 flatibus
575 1950 718 1991 omnia
746 1949 1039 2003 impelluntur,
1069 1948 1303 1997 vibrantur,
1329 1949 1558 2002 agitantur,

158 2025 201 2060 et
243 2020 322 2059 sub
361 2018 495 2059 oculis
537 2022 682 2058 tamen
724 2030 808 2057 non
851 2016 971 2057 venit
1012 2020 1167 2056 ventus
1209 2020 1252 2056 et
1294 2015 1430 2056 flatus.
1504 2015 1558 2055 In

158 2087 290 2127 solem
326 2086 440 2134 adeo,
477 2085 551 2138 qui
586 2083 761 2125 videndi
797 2084 994 2124 omnibus
1030 2096 1156 2123 causa
1192 2088 1266 2132 est,
1291 2082 1436 2123 videre
1472 2096 1557 2122 non

160 2167 397 2207 possumus,
439 2152 570 2193 radiis
617 2151 728 2192 acies
776 2155 1082 2199 summovetur,
1124 2150 1300 2191 obtutus
1347 2150 1557 2190 intuentis

161 2221 397 2269 hebetatur,
416 2224 460 2260 et
484 2219 520 2260 si
545 2218 707 2259 diutius
731 2217 944 2271 inspicias,
964 2218 1101 2258 omnis
1121 2217 1238 2258 visus
1257 2217 1556 2271 exstinguitur.

162 2287 308 2337 Quid?
333 2287 475 2340 ipsum
501 2285 600 2327 solis
627 2286 842 2333 artificem,
868 2285 991 2324 illum
1024 2284 1199 2325 luminis
1235 2285 1398 2325 fontem
1422 2283 1557 2338 possis

160 2355 383 2403 sustinere,
408 2368 505 2395 cum
530 2358 572 2393 te
592 2353 646 2393 ab
670 2352 760 2393 eius
786 2352 1020 2405 fulgoribus
1056 2356 1233 2401 avertas,
1257 2365 1282 2392 a
1306 2351 1559 2392 fulminibus

161 2421 426 2462 abscondas?
496 2420 637 2461 Deum
678 2418 810 2460 oculis
858 2419 1099 2459 carnalibus
1146 2419 1210 2459 vis
1257 2418 1413 2468 videre,
1460 2432 1558 2458 cum
