1704 2704
142 1722 159 1755 λΪ

206 88 229 127 9
240 87 263 127 8
749 83 1048 125 OCTAVIUS

201 195 318 236 aliud
351 199 416 236 est
441 195 579 236 fatum
605 207 732 248 quam
758 192 871 246 quod
897 191 948 233 de
984 204 1240 245 unoquoque
1276 195 1470 231 nostrum
1495 190 1599 231 deus

201 263 312 303 fatus
331 268 395 303 est
414 265 428 303 2
499 262 583 311 Qui
600 275 695 302 cum
714 261 847 315 possit
863 259 1069 314 praescire
1089 258 1322 306 materiam,
1341 272 1416 312 pro
1435 257 1600 298 meritis

200 335 244 372 et
269 330 551 384 qualitatibus
577 328 843 382 singulorum
868 327 996 368 etiam
1017 327 1103 366 fata
1124 326 1391 367 determinat.
1464 325 1532 365 Ita
1555 325 1601 365 in

200 398 322 438 nobis
348 411 433 438 non
457 398 654 452 genitura
686 395 900 450 plectitur,
926 394 998 435 sed
1035 394 1196 448 ingenii
1225 400 1379 433 natura
1411 392 1599 446 punitur.

200 466 265 506 Ac
301 465 353 506 de
389 465 478 505 fato
515 464 629 513 satis,
654 463 723 504 vel
759 463 795 503 si
830 475 976 516 pauca,
1001 475 1075 516 pro
1112 466 1312 515 tempore,
1338 459 1598 514 disputaturi

201 533 305 574 alias
330 537 372 574 et
397 532 563 573 uberius
589 536 632 572 et
656 531 837 585 plenius.

200 667 242 734 ἕξ
271 670 363 715 3-7.
399 673 576 725 Povertgs
600 673 636 712 18
658 672 720 713 tlte
733 671 860 726 pride
892 672 941 724 of
967 671 1031 710 the
1067 669 1295 718 Christian,
1319 674 1389 710 not
1419 670 1484 710 his
1516 670 1600 710 clis-

330 754 447 794 grace
472 741 564 794 (12.
597 740 708 792 1-3>.
783 739 863 779 The
899 738 1117 779 Christian
1148 751 1224 777 can
1255 751 1373 777 never
1402 737 1442 777 be
1470 737 1600 790 really

326 822 440 862 poor.

286 906 485 948 Ceterum
510 904 623 959 quod
648 903 840 958 plerique
871 916 1078 957 pauperes
1111 902 1306 950 dicimur,
1331 916 1416 943 non
1441 908 1506 944 est
1534 902 1598 943 in-

200 974 329 1014 famia
353 979 510 1022 nostra,
535 972 609 1014 sed
641 972 799 1027 gloria:
836 971 1006 1011 animus
1039 970 1153 1011 enim
1186 975 1235 1011 ut
1268 970 1373 1010 luxu
1408 970 1600 1019 solvitur,

199 1041 261 1082 ita
295 1040 541 1095 frugalitate
577 1040 782 1080 firmatur.
854 1039 912 1079 Et
948 1043 1093 1079 tamen
1129 1037 1225 1091 quis
1261 1042 1403 1090 potest
1439 1051 1601 1092 pauper

200 1122 289 1150 esse
325 1109 399 1162 qui
435 1122 520 1148 non
557 1112 662 1162 eget,
688 1107 761 1161 qui
796 1119 883 1146 non
915 1106 1054 1146 inhiat
1083 1105 1233 1154 alieno,
1259 1105 1333 1159 qui
1369 1105 1446 1146 deo
1483 1105 1602 1146 dives

199 1178 296 1217 est?
366 1175 505 1231 Magis
530 1188 691 1229 pauper
714 1174 788 1214 ille
813 1178 888 1223 est,
914 1173 988 1226 qui
1013 1186 1108 1213 cum
1129 1172 1266 1213 multa
1291 1172 1457 1220 habeat,
1477 1172 1602 1227 plura

200 1243 420 1284 desiderat.
491 1243 645 1283 Dicam
687 1247 831 1282 tamen
868 1240 1226 1294 quemadmodum
1270 1240 1429 1280 sentio:
1478 1254 1602 1281 nemo

200 1316 289 1353 tam
314 1325 476 1365 pauper
500 1315 642 1364 potest
666 1323 757 1350 esse
776 1322 904 1362 quam
925 1313 1050 1349 natus
1071 1312 1146 1348 est.
1217 1308 1333 1348 Aves
1353 1308 1444 1348 sine
1469 1308 1600 1361 patri-

200 1379 342 1419 monio
368 1379 523 1418 vivunt
547 1383 590 1418 et
614 1377 658 1417 in
685 1377 798 1417 diem
823 1389 957 1430 pecua
982 1380 1241 1429 pascuntur:
1278 1379 1321 1415 et
1345 1375 1450 1416 haec
1479 1375 1602 1416 nobis

200 1452 343 1487 tamen
391 1450 493 1486 nata
539 1450 652 1493 sunt,
700 1458 807 1498 quae
850 1443 1004 1491 omnia,
1045 1443 1082 1484 si
1122 1456 1208 1483 non
1250 1442 1602 1496 concupiscimus,

200 1513 476 1568 possidemus.
549 1513 688 1567 Igitur
723 1516 772 1552 ut
814 1511 888 1565 qui
930 1511 1044 1550 viam
1086 1510 1198 1558 terit,
1235 1522 1282 1550 eo
1318 1509 1483 1550 felicior
1517 1524 1601 1564 quo

199 1581 334 1622 levior
379 1580 550 1629 incedit,
598 1580 657 1620 ita
699 1579 862 1619 beatior
903 1578 947 1618 in
988 1577 1068 1618 hoc
1108 1577 1262 1618 itinere
1300 1577 1486 1627 vivendi,
1529 1578 1603 1631 qui

202 1654 453 1703 paupertate
479 1661 523 1688 se
548 1647 757 1694 sublevat,
776 1660 861 1686 non
887 1646 964 1686 sub
985 1644 1234 1685 divitiarum
1256 1658 1382 1686 onere
1402 1645 1599 1698 suspirat.

201 1716 256 1756 Et
273 1722 417 1757 tamen
437 1715 674 1762 facultates,
691 1714 726 1754 si
748 1713 874 1754 utiles
890 1718 1150 1766 puta-remus,
1169 1726 1193 1752 a
1213 1712 1289 1753 deo
1309 1725 1577 1765 posceremus
1595 1729 1603 1754 :

202 1784 351 1838 utique
375 1783 593 1837 indulgere
619 1786 759 1835 posset
778 1781 1046 1834 aliquantum
1073 1780 1193 1820 cuius
1213 1785 1276 1820 est
1296 1786 1449 1821 totum.
1520 1780 1602 1821 Sed

203 1865 278 1892 nos
295 1856 565 1892 contemnere
581 1849 793 1889 malumus
810 1861 909 1902 opes
925 1861 1051 1901 quam
1067 1847 1296 1896 continere,
1311 1847 1601 1888 innocentiam

203 1919 335 1972 magis
373 1918 581 1972 cupimus,
622 1917 756 1970 magis
797 1915 1051 1968 patientiam
1093 1914 1346 1968 flagitamus,
1388 1914 1602 1956 malumus

203 2000 279 2027 nos
304 1986 434 2026 bonos
459 1998 550 2026 esse
575 1997 702 2037 quam
728 1983 934 2037 prodigos.

201 2111 243 2179 ἓξ
274 2119 366 2159 8-9.
403 2117 611 2171 Sufferiny
635 2116 671 2156 13
696 2115 760 2156 the
787 2114 1034 2156 Christian's
1058 2115 1113 2155 lot
1129 2129 1139 2155 .·
1176 2114 1242 2154 his
1264 2114 1337 2167 life
1369 2114 1406 2154 z's
1437 2128 1464 2153 a
1495 2127 1601 2154 war-

325 2186 435 2239 fare.
510 2184 597 2225 God
621 2198 697 2223 com
721 2184 807 2223 and
832 2183 921 2223 does
944 2182 1063 2222 assist
1088 2182 1190 2230 him,
1215 2181 1284 2221 but
1317 2182 1414 2221 tries
1442 2181 1529 2221 him
1556 2182 1605 2222 1η

335 2252 542 2305 adversim
566 2251 660 2304 (12.
690 2250 799 2304 3-4).

286 2353 343 2395 Et
367 2352 480 2408 quod
513 2351 697 2405 corporis
730 2351 920 2390 humana
955 2349 1061 2389 vitia
1096 2348 1304 2389 sentimus
1329 2353 1372 2389 et
1399 2348 1601 2402 patimur,

203 2435 288 2462 non
313 2427 378 2462 est
403 2433 550 2475 poena,
575 2418 732 2460 militia
751 2423 824 2459 est.
896 2415 1122 2457 Fortitudo
1141 2415 1257 2457 enim
1275 2415 1601 2457 infirmitatibus
