1704 2704
774 126 963 168 NOTES
1475 129 1563 169 185

173 232 326 274 saevitia,
347 235 514 266 certamen
541 236 586 266 est
615 232 709 276 (Seu.
743 232 843 266 Prov.
879 235 911 266 4.
949 233 1034 276 12>3
1072 232 1123 267 St.
1159 232 1259 276 Paul,
1292 233 1394 267 Hebr.
1432 236 1488 267 12.
1520 237 1570 275 53

177 285 266 320 Tim.
290 288 321 320 2.
346 288 376 319 2.
399 288 430 320 3.
1223 306 1225 309 -

239 339 449 375 calamitas
466 367 473 375 .
492 367 500 375 .
517 367 525 375 .
543 341 805 382 torpescunt:
839 339 1036 384 disciplina,
1074 339 1229 374 “school
1243 339 1259 354 '⁷
1278 354 1285 381 ;
1314 339 1354 374 cf.
1387 340 1569 373 calamitas

174 393 312 427 virtutis
341 393 466 427 occasio
495 397 539 427 est
567 394 661 437 (Sen.
682 393 766 428 ibid.
800 396 831 427 4.
855 395 917 437 6);
946 393 1049 427 bonus
1077 392 1134 428 vir
1163 394 1283 428 omnia
1312 394 1454 428 adversa
1483 406 1568 428 eccer-

173 446 347 481 citationes
372 451 473 492 putat
501 447 572 491 (iel,
601 447 684 481 ibid.
712 450 741 481 1.
773 448 836 491 2);
864 459 948 480 nam
976 452 1101 481 marcet
1130 448 1204 482 sine
1232 448 1427 482 adversario
1456 448 1567 482 virtus

174 500 250 545 (iel,
270 501 351 535 ibid.
379 503 409 534 1.
436 502 481 543 4).

241 553 349 598 adeo,
376 555 448 588 “in
468 554 596 596 sact'';
627 558 658 588 5.
685 557 717 588 9.

240 607 311 654 §9.
340 618 413 645 nec
447 618 527 644 non
565 609 703 651 potest
724 636 731 643 .
756 636 763 643 .
788 635 795 643 .
820 607 1004 652 despicit,
1043 608 1221 643 “neither
1258 610 1288 643 is
1326 609 1461 643 unable
1499 621 1567 642 nor

173 661 330 696 disdains
364 667 401 697 to
434 662 549 707 help.”
606 662 636 695 F
639 673 679 696 or
705 662 881 696 subvenire
919 674 956 696 as
993 662 1129 698 infinit.
1163 663 1254 698 with
1293 663 1437 708 despicit
1475 663 1568 698 after

172 715 324 761 analogy
344 716 382 750 of
401 716 518 750 omitto
539 715 580 751 cf.
608 719 665 750 14.
693 718 727 751 2.

240 771 394 806 rector.
414 798 421 806 .
442 798 450 806 .
468 771 650 806 amator:
680 769 723 803 ef.
747 770 830 804 Sen.
853 769 954 804 Prov.
981 773 1013 804 2.
1039 773 1071 805 6.

241 823 468 860 examinat.
486 851 494 860 .
514 851 522 860 .
541 823 748 866 pensitat:
784 823 829 859 cf.
861 824 920 858 hoc
958 824 1069 868 iyitur
1106 824 1187 858 deus
1216 836 1299 869 quos
1322 824 1455 870 probat,
1487 837 1568 870 quos

172 881 278 920 amat,
299 877 454 921 indurat,
475 878 686 922 recognoscit,
709 881 828 912 exercet
848 878 921 921 (iol,
942 878 1025 912 ibid.
1051 881 1083 913 4.
1108 880 1153 923 7).

255 930 309 967 ad
337 934 556 968 extremam
589 931 862 967 mortem=ad
890 933 1012 966 mortis
1037 933 1240 978 periculum
1268 937 1480 974 eaetremum;
1519 932 1563 966 cf.

171 989 319 1019 eoetrema
337 987 409 1020 icini
428 986 468 1020 in
487 989 593 1020 morte
613 985 730 1031 (Vei-g.
752 986 795 1020 A.
818 988 850 1019 2.
877 986 976 1030 447).

238 1039 492 1076 voluntatem
522 1067 530 1076 .
563 1066 570 1075 .
604 1067 612 1075 .
644 1048 833 1075 securus:
867 1039 910 1073 cf.
940 1040 995 1074 Ps.
1029 1042 1113 1074 139.
1142 1043 1242 1075 1-16.
1299 1040 1444 1075 Securus
1473 1040 1565 1074 with

171 1105 239 1128 ace.
279 1093 352 1128 and
387 1094 491 1128 infin.
568 1093 645 1127 Sibi
677 1093 801 1138 perire,
840 1092 1059 1139 “disappear
1096 1094 1189 1128 from
1229 1094 1287 1128 his
1325 1095 1452 1136 view‚''
1495 1095 1566 1129 “be

170 1146 241 1181 lost
270 1151 307 1181 to
344 1147 398 1182 his
436 1147 534 1193 sight
547 1146 592 1189 '';
621 1147 665 1183 cf.
696 1160 799 1192 ecqua
836 1147 917 1182 inde
948 1148 1105 1193 periisset
1138 1160 1230 1182 soror
1263 1149 1356 1192 (Ter.
1395 1149 1489 1183 Eun.
1530 1151 1562 1185 3.

171 1204 204 1236 3.
233 1202 303 1245 15).

233 1256 281 1291 ut
301 1265 441 1292 aurum
457 1284 465 1293 .
482 1284 490 1292 .
510 1283 518 1292 .
534 1254 765 1298 arguimur:
795 1255 838 1290 cf.
857 1255 951 1300 iynis
979 1268 1111 1290 aurum
1136 1256 1269 1301 probat,
1293 1256 1436 1290 miseria
1457 1257 1565 1302 fortes

168 1309 258 1344 viros
278 1309 371 1354 (Seu.
395 1311 495 1344 Prov.
518 1313 549 1344 5.
572 1311 608 1347 9)
627 1322 635 1351 ;
662 1311 764 1344 Prov.
787 1312 844 1346 17.
865 1312 887 1344 3
909 1323 916 1351 ;
945 1310 996 1345 St.
1020 1311 1153 1355 James,
1177 1311 1243 1355 Ep.
1265 1313 1294 1344 l.
1317 1311 1348 1346 7.

630 1440 869 1475 CHAPTER
902 1440 1091 1476 XXXVII

231 1524 303 1571 gl.
335 1524 542 1568 pulchrum
571 1524 846 1567 spectaculum
876 1524 975 1561 deo:
1013 1537 1059 1560 an
1093 1526 1280 1560 imitation
1310 1525 1347 1560 of
1376 1526 1467 1570 Sen„
1498 1539 1563 1562 ecce

163 1580 390 1624 spectaculum
418 1579 574 1623 «ligyrium,
598 1579 644 1612 ad
673 1579 762 1622 quod
791 1579 949 1624 respiciat
977 1579 1132 1614 intentus
1161 1580 1253 1625 operi
1282 1592 1342 1614 suo
1376 1581 1466 1624 dem,
1497 1593 1563 1616 ecce

159 1645 228 1678 par
266 1633 325 1667 oleo
353 1633 509 1677 dignum,
550 1633 606 1667 vir
635 1632 743 1677 fortis
771 1645 851 1667 cum
879 1633 1030 1678 fortuna
1068 1634 1165 1668 mala
1203 1634 1408 1678 compositus
1445 1635 1557 1678 (Prov.

165 1689 198 1720 2.
242 1688 287 1731 9).
358 1686 412 1721 Cf.
453 1686 557 1728 Geli,
607 1687 854 1731 congredientes
888 1692 1218 1733 compiiynantesque
1252 1688 1499 1733 philosophum
1529 1694 1559 1724 et

161 1740 308 1775 dolorem
327 1741 436 1786 (NA.
465 1743 521 1774 12.
549 1744 579 1774 5.
607 1741 650 1785 3).

224 1794 484 1838 componitur,
527 1796 548 1812 “
561 1794 758 1829 111atel1ed”
797 1795 838 1829 in
876 1795 1110 1841 opposition3
1156 1808 1177 1830 a
1215 1800 1307 1830 term
1341 1796 1555 1843 frequently

158 1848 306 1895 applied
326 1853 361 1883 to
381 1848 585 1893 gladiatore.

226 1901 437 1946 horrorem,
463 1905 481 1921 ‘⁴
497 1902 645 1936 terrible
665 1902 813 1948 aspect'⁷
834 1916 841 1945 ;
869 1907 963 1948 poet.
987 1903 1024 1937 in
1045 1903 1119 1937 this
1140 1915 1249 1939 sense.

223 1956 394 1992 irridens
431 1955 636 1992 inculcat:
683 1956 836 1992 irridens
876 1954 1083 2003 (Gelenius)
1119 1957 1175 1991 for
1213 1956 1389 2003 inripiens
1426 1959 1466 1993 of
1502 1960 1556 2002 P;

156 2010 320 2054 inculcat,
360 2010 580 2055 “‹lespiseS‚''
621 2010 674 2045 lit.
714 2010 920 2056 “tramples
960 2011 1076 2045 under
1113 2011 1222 2057 footss'
1261 2012 1317 2046 sor
1355 2012 1417 2047 the
1456 2025 1555 2048 more

156 2064 261 2099 usual
281 2065 460 2107 conculcat,
482 2063 539 2098 for
559 2063 643 2098 sake
665 2064 703 2098 of
719 2064 953 2099 alliteration.

223 2118 455 2154 libertatem
488 2117 619 2161 erigit,
655 2120 816 2152 “asseris
845 2118 902 2152 his
931 2118 1065 2164 liberty
1079 2119 1124 2161 '’;
1162 2119 1273 2163 ericii,
1304 2119 1357 2154 lit.
1395 2121 1552 2155 “makes

155 2177 192 2206 to
221 2172 327 2207 stand
356 2171 484 2206 erect.’'
539 2171 595 2207 Of.
619 2172 757 2206 libertas
784 2172 889 2206 malis
917 2185 1072 2218 oppressa
1101 2173 1273 2217 civilibus,
1297 2175 1448 2209 emtollere
1477 2175 1552 2210 iam

154 2230 257 2271 caput
277 2231 305 2260 et
325 2226 516 2270 aliquando
536 2238 566 2259 se
586 2226 709 2271 eriyere
729 2226 860 2260 debebat
882 2227 966 2270 (Cic.
992 2227 1114 2261 Plane.
1138 2229 1210 2272 13).

220 2280 421 2316 insultatt
450 2279 544 2314 read.
565 2279 603 2313 of
620 2292 638 2313 r
656 2294 663 2321 ;
693 2280 720 2314 P
740 2280 804 2314 has
823 2281 953 2314 stultat.
1014 2281 1073 2315 Tr.
1101 2281 1254 2316 “exulte
1275 2283 1393 2316 over.”

220 2334 597 2378 obtinuit=asle71tus
635 2338 705 2375 est;
751 2346 788 2368 as
826 2335 1032 2369 sometimes
1071 2336 1110 2369 in
1149 2336 1222 2371 Cic.
1304 2335 1358 2370 Cf.
1401 2337 1547 2372 victoria

152 2391 197 2422 est
217 2392 333 2422 autem
350 2399 414 2432 pro
435 2399 500 2432 quo
520 2388 699 2422 certaveris
722 2388 866 2422 obtinere
887 2389 996 2433 (Tert.
1017 2390 1119 2434 Apol.
1146 2393 1204 2424 50.
1228 2392 1276 2435 2).

217 2442 236 2488 ξ
257 2445 287 2477 2.
317 2443 409 2478 et..
429 2443 617 2478 ‚tamenz
650 2444 706 2475 11.
734 2445 765 2477 8.
