1704 2704
222 93 280 138 76
770 93 1072 134 OCTAVIUS

273 247 293 314 ξ
323 250 412 295 6-7.
456 254 537 295 The
562 254 675 294 brute
699 255 881 294 creation
904 254 979 294 has
1004 268 1030 293 α
1055 254 1195 294 keener
1218 253 1501 307 appreciation
1526 254 1575 306 of

683 322 747 362 tlte
771 322 900 362 worth
925 322 973 375 of
992 322 1153 374 imaqes.

302 423 473 472 Quanta
510 436 608 463 vero
644 423 825 462 versutia
861 422 912 463 de
949 422 1031 462 diis
1066 422 1220 462 vestris
1261 420 1465 462 animalia
1500 426 1621 461 muta

217 489 473 531 naturaliter
498 490 691 530 iudicant
709 494 715 531 ἕ
752 489 912 538 Mures,
931 489 1194 537 hirundines,
1213 488 1335 528 milvi
1355 502 1441 529 non
1460 488 1619 529 sentire

217 571 285 598 eos
322 557 487 598 sciunt:
528 557 694 606 rodunt,
722 557 956 605 inculcant,
988 556 1188 604 insident,
1221 569 1270 596 ac
1306 556 1390 597 nisi
1426 555 1619 609 abigatis,

216 625 259 664 in
286 625 377 677 ipso
403 625 470 665 dei
497 625 629 665 vestri
655 638 724 665 ore
750 624 997 674 nidificant;
1034 637 1212 664 araneae
1232 637 1332 664 vero
1351 623 1502 664 faciem
1528 623 1619 664 eius

216 693 418 732 intexunt
464 697 507 732 et
548 691 599 733 de
648 692 739 745 ipso
782 692 920 746 capite
962 705 1037 732 sua
1079 691 1151 731 fila
1199 691 1480 744 suspendunt.
1530 689 1619 731 Vos

216 760 402 813 tergetis,
428 759 659 808 mundatis,
679 759 855 800 eraditis
881 765 923 800 et
947 759 1056 807 illos,
1076 772 1181 812 quos
1207 758 1358 806 facitis,
1384 757 1619 812 protegitis,

217 831 260 867 et
293 826 467 876 timetis,
496 826 599 866 dum
636 827 930 880 unusquisque
961 831 1151 867 vestrum
1187 839 1273 866 non
1305 825 1462 879 cogitat
1499 825 1619 879 prius

217 908 261 935 se
309 894 461 935 debere
509 894 636 934 deum
684 907 807 935 nosse
856 908 983 947 quam
1031 893 1179 942 colere,
1227 893 1329 933 dum
1378 892 1619 933 inconsulte

215 962 405 1015 gestiunt
452 961 701 1015 parentibus
749 961 955 1009 oboedire,
997 961 1099 1001 dum
1142 960 1232 1001 fieri
1278 960 1448 1001 malunt
1490 959 1620 1000 alieni

216 1029 368 1070 erroris
394 1029 577 1069 accessio
603 1042 731 1082 quam
757 1029 839 1069 sibi
863 1029 1043 1077 credere,
1070 1028 1172 1068 dum
1203 1028 1312 1068 nihil
1341 1041 1393 1068 ex
1419 1027 1485 1068 his
1510 1041 1618 1081 quae

217 1097 372 1137 timent
397 1101 568 1137 norunt.
606 1096 674 1137 Sic
699 1095 744 1136 in
769 1109 872 1136 auro
897 1101 939 1137 et
964 1100 1140 1149 argento
1166 1095 1348 1136 avaritia
1377 1099 1620 1136 consecrata

216 1169 292 1213 est,
328 1164 389 1204 sic
431 1168 671 1204 statuarum
713 1164 907 1204 inanium
950 1163 1198 1217 consignata
1233 1163 1380 1210 forma,
1417 1163 1477 1203 sic
1518 1167 1620 1203 nata

216 1231 408 1272 Romana
431 1230 690 1284 superstitio.

249 1372 291 1439 ἓξ
320 1380 395 1420 8-1
407 1379 444 1420 Ο.
482 1379 589 1420 How
613 1379 845 1419 ridiculoves
869 1379 933 1419 the
957 1379 1093 1419 ritual
1117 1379 1167 1432 of
1183 1379 1266 1418 this
1290 1378 1357 1419 old
1380 1377 1590 1431 reliqion!

301 1480 493 1529 Quorum
541 1481 652 1521 ritus
693 1481 729 1521 si
770 1494 1030 1534 percenseas,
1072 1479 1252 1521 ridenda
1299 1493 1427 1533 quam
1469 1479 1619 1528 multa,

215 1562 342 1601 quam
377 1549 512 1588 multa
548 1548 676 1589 etiam
713 1547 953 1589 miseranda
989 1551 1116 1588 sunt!
1158 1547 1277 1587 Nudi
1313 1547 1444 1588 cruda
1479 1546 1619 1587 hieme

215 1615 473 1663 discurrunt,
490 1615 563 1656 alii
583 1615 790 1656 incedunt
810 1615 989 1669 pilleati,
1005 1620 1125 1656 scuta
1141 1620 1285 1655 vetera
1301 1614 1620 1661 circumferunt,

216 1683 349 1735 pelles
365 1683 560 1731 caedunt,
577 1683 869 1724 mendicantes
886 1683 1059 1723 vicatim
1075 1683 1175 1723 deos
1196 1683 1360 1723 ducunt
1377 1698 1384 1723 :
1410 1681 1619 1735 quaedam

216 1751 315 1790 fana
355 1750 487 1791 semel
529 1764 640 1790 anno
682 1750 798 1790 adire
839 1751 1108 1804 permittunt,
1142 1749 1350 1803 quaedam
1392 1749 1437 1789 in
1478 1753 1617 1789 totum

216 1817 335 1858 nefas
361 1818 520 1858 visere:
556 1823 622 1858 est
653 1831 737 1870 quo
762 1818 853 1857 viro
886 1831 972 1858 non
1002 1817 1103 1858 licet
1138 1823 1181 1858 et
1216 1816 1423 1857 nonnulla
1459 1816 1619 1869 absque

216 1885 386 1925 feminis
424 1898 543 1925 sacra
578 1890 692 1933 sunt,
725 1884 855 1926 etiam
897 1898 1018 1925 servo
1055 1884 1311 1938 quibusdam
1347 1883 1617 1924 caerimoniis

215 1952 420 1993 interesse
467 1952 682 2005 piaculare
730 1952 942 2006 flagitium
990 1957 1081 1993 est:
1139 1951 1224 1992 alia
1271 1964 1389 1992 sacra
1441 1955 1618 1991 coronat

216 2019 397 2068 univira,
433 2019 517 2059 alia
563 2019 799 2068 multivira,
835 2025 878 2060 et
915 2033 1068 2073 magna
1111 2019 1315 2072 religione
1351 2018 1619 2071 conquiritur

215 2100 323 2139 quae
342 2086 466 2139 plura
484 2087 620 2140 possit
639 2087 852 2127 adulteria
870 2100 1101 2127 munerare.
1140 2086 1277 2136 Quid?
1313 2085 1387 2139 qui
1412 2085 1617 2138 sanguine

215 2168 291 2194 suo
338 2153 445 2194 libat
492 2159 534 2194 et
575 2154 826 2194 vulneribus
875 2154 962 2194 suis
1009 2153 1234 2207 supplicat,
1282 2166 1367 2192 non
1414 2153 1617 2206 profanus

215 2221 368 2261 melius
409 2226 520 2261 esset
562 2235 689 2274 quam
725 2221 786 2261 sic
823 2221 1076 2275 religiosus?
1131 2222 1224 2261 Aut
1266 2220 1334 2260 cui
1377 2226 1475 2260 exta
1516 2225 1618 2260 sunt

215 2288 421 2328 obscoena
457 2288 659 2337 demessa,
689 2289 899 2341 quomodo
936 2288 1063 2328 deum
1093 2287 1236 2335 violat,
1267 2288 1342 2340 qui
1378 2287 1456 2327 hoc
1491 2286 1617 2326 modo

215 2355 356 2408 placat
374 2358 381 2395 Ι
407 2369 515 2404 cum,
535 2355 570 2394 si
590 2355 806 2396 eunuchos
832 2355 935 2396 deus
955 2355 1097 2403 vellet,
1117 2360 1260 2408 posset
1279 2367 1510 2408 procreare,
1530 2367 1616 2393 non

215 2422 360 2462 facere.
400 2422 504 2471 Quis
524 2436 609 2462 non
628 2422 850 2475 intellegat
875 2422 985 2463 male
1005 2436 1129 2462 sanos
1148 2427 1190 2462 et
1211 2435 1343 2462 vanae
1363 2427 1405 2462 et
1425 2421 1616 2474 perditae
