<?xml version="1.0" encoding="UTF-8"?>
<!DOCTYPE html PUBLIC "-//W3C//DTD XHTML 1.0 Transitional//EN"
    "http://www.w3.org/TR/xhtml1/DTD/xhtml1-transitional.dtd">
<html xmlns="http://www.w3.org/1999/xhtml" xml:lang="en" lang="en">
 <head>
  <title>
</title>
<meta http-equiv="Content-Type" content="text/html;charset=utf-8" />
  <meta name='ocr-system' content='tesseract 3.04.00' />
  <meta name='ocr-capabilities' content='ocr_page ocr_carea ocr_par ocr_line ocrx_word'/>
</head>
<body>
  <div class='ocr_page' id='page_1' title='image "./octaviusfahy00minu_0096.png"; bbox 0 0 1704 2704; ppageno 0'>
   <div class='ocr_carea' id='block_1_1' title="bbox 221 96 1065 140">
    <p class='ocr_par' dir='ltr' id='par_1_1' title="bbox 221 96 1065 140">
     <span class='ocr_line' id='line_1_1' title="bbox 221 96 1065 140; baseline -0.001 -1"><span class='ocrx_word' id='word_1_1' title='bbox 221 99 278 140; x_wconf 89' lang='lat'>80</span> <span class='ocrx_word' id='word_1_2' title='bbox 765 96 1065 139; x_wconf 83' lang='lat' dir='ltr'><strong>OCTAVIUS</strong></span> 
     </span>
    </p>
   </div>
   <div class='ocr_carea' id='block_1_2' title="bbox 216 204 1621 2478">
    <p class='ocr_par' dir='ltr' id='par_1_2' title="bbox 216 204 1621 1395">
     <span class='ocr_line' id='line_1_2' title="bbox 217 204 1618 259; baseline 0.001 -14"><span class='ocrx_word' id='word_1_3' title='bbox 217 209 261 246; x_wconf 90' lang='lat' dir='ltr'>et</span> <span class='ocrx_word' id='word_1_4' title='bbox 285 206 444 259; x_wconf 85' lang='lat' dir='ltr'>pietate</span> <span class='ocrx_word' id='word_1_5' title='bbox 470 205 691 259; x_wconf 90' lang='lat' dir='ltr'>pollerent.</span> <span class='ocrx_word' id='word_1_6' title='bbox 764 205 983 245; x_wconf 83' lang='lat' dir='ltr'><strong>Nimirum</strong></span> <span class='ocrx_word' id='word_1_7' title='bbox 1008 204 1188 257; x_wconf 81' lang='lat' dir='ltr'>insignis</span> <span class='ocrx_word' id='word_1_8' title='bbox 1208 209 1250 245; x_wconf 89' lang='lat' dir='ltr'>et</span> <span class='ocrx_word' id='word_1_9' title='bbox 1269 204 1424 246; x_wconf 91' lang='lat' dir='ltr'>nobilis</span> <span class='ocrx_word' id='word_1_10' title='bbox 1451 205 1618 246; x_wconf 88' lang='lat' dir='ltr'>iustitia</span> 
     </span>
     <span class='ocr_line' id='line_1_3' title="bbox 218 272 1618 326; baseline 0.001 -13"><span class='ocrx_word' id='word_1_11' title='bbox 218 273 410 313; x_wconf 81' lang='lat' dir='ltr'>Romana</span> <span class='ocrx_word' id='word_1_12' title='bbox 435 274 488 313; x_wconf 89' lang='lat' dir='ltr'>ab</span> <span class='ocrx_word' id='word_1_13' title='bbox 513 273 618 326; x_wconf 89' lang='lat' dir='ltr'>ipsis</span> <span class='ocrx_word' id='word_1_14' title='bbox 651 272 820 326; x_wconf 86' lang='lat' dir='ltr'>imperii</span> <span class='ocrx_word' id='word_1_15' title='bbox 852 272 1067 313; x_wconf 88' lang='lat' dir='ltr'>nascentis</span> <span class='ocrx_word' id='word_1_16' title='bbox 1101 272 1374 313; x_wconf 88' lang='lat' dir='ltr'>incunabulis</span> <span class='ocrx_word' id='word_1_17' title='bbox 1399 273 1618 326; x_wconf 83' lang='lat' dir='ltr'>auspicata</span> 
     </span>
     <span class='ocr_line' id='line_1_4' title="bbox 217 339 1621 381; baseline -0.001 0"><span class='ocrx_word' id='word_1_18' title='bbox 217 343 305 381; x_wconf 74' lang='lat' dir='ltr'>est!</span> <span class='ocrx_word' id='word_1_19' title='bbox 375 341 530 381; x_wconf 83' lang='lat' dir='ltr'>Nonne</span> <span class='ocrx_word' id='word_1_20' title='bbox 572 340 616 380; x_wconf 92' lang='lat' dir='ltr'>in</span> <span class='ocrx_word' id='word_1_21' title='bbox 664 347 760 380; x_wconf 87' lang='lat' dir='ltr'>ortu</span> <span class='ocrx_word' id='word_1_22' title='bbox 797 354 872 380; x_wconf 89' lang='lat' dir='ltr'>suo</span> <span class='ocrx_word' id='word_1_23' title='bbox 909 344 951 380; x_wconf 88' lang='lat' dir='ltr'>et</span> <span class='ocrx_word' id='word_1_24' title='bbox 987 339 1144 380; x_wconf 82' lang='lat' dir='ltr'>scelere</span> <span class='ocrx_word' id='word_1_25' title='bbox 1179 339 1347 380; x_wconf 77' lang='lat' dir='ltr'>collecti</span> <span class='ocrx_word' id='word_1_26' title='bbox 1384 344 1426 380; x_wconf 89' lang='lat' dir='ltr'>et</span> <span class='ocrx_word' id='word_1_27' title='bbox 1461 340 1621 380; x_wconf 87' lang='lat' dir='ltr'>muniti</span> 
     </span>
     <span class='ocr_line' id='line_1_5' title="bbox 216 407 1619 461; baseline 0 -13"><span class='ocrx_word' id='word_1_28' title='bbox 216 407 500 448; x_wconf 75' lang='lat' dir='ltr'>immanitatis</span> <span class='ocrx_word' id='word_1_29' title='bbox 536 421 636 448; x_wconf 87' lang='lat' dir='ltr'>suae</span> <span class='ocrx_word' id='word_1_30' title='bbox 674 412 834 448; x_wconf 87' lang='lat' dir='ltr'>terrore</span> <span class='ocrx_word' id='word_1_31' title='bbox 870 410 1129 447; x_wconf 74' lang='lat' dir='ltr'>creverunt?</span> <span class='ocrx_word' id='word_1_32' title='bbox 1200 407 1314 447; x_wconf 87' lang='lat' dir='ltr'>Nam</span> <span class='ocrx_word' id='word_1_33' title='bbox 1339 407 1457 460; x_wconf 87' lang='lat' dir='ltr'>asylo</span> <span class='ocrx_word' id='word_1_34' title='bbox 1482 408 1619 461; x_wconf 85' lang='lat' dir='ltr'>prima</span> 
     </span>
     <span class='ocr_line' id='line_1_6' title="bbox 218 474 1618 529; baseline 0 -13"><span class='ocrx_word' id='word_1_35' title='bbox 218 475 338 528; x_wconf 81' lang='lat' dir='ltr'>plebs</span> <span class='ocrx_word' id='word_1_36' title='bbox 386 480 639 529; x_wconf 78' lang='lat' dir='ltr'>congregata</span> <span class='ocrx_word' id='word_1_37' title='bbox 687 479 775 515; x_wconf 88' lang='lat' dir='ltr'>est:</span> <span class='ocrx_word' id='word_1_38' title='bbox 824 474 1119 515; x_wconf 82' lang='lat' dir='ltr'>confluxerant</span> <span class='ocrx_word' id='word_1_39' title='bbox 1167 474 1335 527; x_wconf 87' lang='lat' dir='ltr'>perditi,</span> <span class='ocrx_word' id='word_1_40' title='bbox 1383 474 1618 524; x_wconf 84' lang='lat' dir='ltr'>facinorosi,</span> 
     </span>
     <span class='ocr_line' id='line_1_7' title="bbox 218 541 1619 596; baseline 0.001 -14"><span class='ocrx_word' id='word_1_41' title='bbox 218 543 382 590; x_wconf 77' lang='lat' dir='ltr'>incesti,</span> <span class='ocrx_word' id='word_1_42' title='bbox 412 543 565 591; x_wconf 88' lang='lat' dir='ltr'>sicarii,</span> <span class='ocrx_word' id='word_1_43' title='bbox 591 542 838 595; x_wconf 73' lang='lat' dir='ltr'>proditores,</span> <span class='ocrx_word' id='word_1_44' title='bbox 865 547 907 582; x_wconf 87' lang='lat' dir='ltr'>et</span> <span class='ocrx_word' id='word_1_45' title='bbox 940 546 989 581; x_wconf 83' lang='lat' dir='ltr'>ut</span> <span class='ocrx_word' id='word_1_46' title='bbox 1020 542 1110 594; x_wconf 91' lang='lat' dir='ltr'>ipse</span> <span class='ocrx_word' id='word_1_47' title='bbox 1144 541 1352 582; x_wconf 81' lang='lat' dir='ltr'>Romulus</span> <span class='ocrx_word' id='word_1_48' title='bbox 1386 542 1619 596; x_wconf 89' lang='lat' dir='ltr'>imperator</span> 
     </span>
     <span class='ocr_line' id='line_1_8' title="bbox 219 608 1619 664; baseline 0 -14"><span class='ocrx_word' id='word_1_49' title='bbox 219 615 260 650; x_wconf 88' lang='lat' dir='ltr'>et</span> <span class='ocrx_word' id='word_1_50' title='bbox 286 615 421 651; x_wconf 82' lang='lat' dir='ltr'>rector</span> <span class='ocrx_word' id='word_1_51' title='bbox 445 609 652 664; x_wconf 89' lang='lat' dir='ltr'>populum</span> <span class='ocrx_word' id='word_1_52' title='bbox 677 623 803 650; x_wconf 86' lang='lat' dir='ltr'>suum</span> <span class='ocrx_word' id='word_1_53' title='bbox 829 609 1014 649; x_wconf 86' lang='lat' dir='ltr'>facinore</span> <span class='ocrx_word' id='word_1_54' title='bbox 1034 608 1321 661; x_wconf 84' lang='lat' dir='ltr'>praecelleret,</span> <span class='ocrx_word' id='word_1_55' title='bbox 1341 609 1619 662; x_wconf 88' lang='lat' dir='ltr'>parricidium</span> 
     </span>
     <span class='ocr_line' id='line_1_9' title="bbox 218 675 1620 730; baseline 0.001 -13"><span class='ocrx_word' id='word_1_56' title='bbox 218 677 328 718; x_wconf 85' lang='lat' dir='ltr'>fecit.</span> <span class='ocrx_word' id='word_1_57' title='bbox 399 677 518 718; x_wconf 89' lang='lat' dir='ltr'>Haec</span> <span class='ocrx_word' id='word_1_58' title='bbox 566 677 704 730; x_wconf 84' lang='lat' dir='ltr'>prima</span> <span class='ocrx_word' id='word_1_59' title='bbox 751 682 852 717; x_wconf 86' lang='lat' dir='ltr'>sunt</span> <span class='ocrx_word' id='word_1_60' title='bbox 900 676 1089 730; x_wconf 90' lang='lat' dir='ltr'>auspicia</span> <span class='ocrx_word' id='word_1_61' title='bbox 1137 675 1358 730; x_wconf 81' lang='lat' dir='ltr'>religiosae</span> <span class='ocrx_word' id='word_1_62' title='bbox 1406 677 1620 718; x_wconf 78' lang='lat' dir='ltr'>civitatis!</span> 
     </span>
     <span class='ocr_line' id='line_1_10' title="bbox 218 743 1621 798; baseline 0 -13"><span class='ocrx_word' id='word_1_63' title='bbox 218 745 322 785; x_wconf 81' lang='lat' dir='ltr'>Mox</span> <span class='ocrx_word' id='word_1_64' title='bbox 348 745 508 785; x_wconf 88' lang='lat' dir='ltr'>alienas</span> <span class='ocrx_word' id='word_1_65' title='bbox 533 744 718 798; x_wconf 80' lang='lat' dir='ltr'>virgines</span> <span class='ocrx_word' id='word_1_66' title='bbox 752 744 837 784; x_wconf 88' lang='lat' dir='ltr'>iam</span> <span class='ocrx_word' id='word_1_67' title='bbox 870 743 1157 797; x_wconf 84' lang='lat' dir='ltr'>desponsatas,</span> <span class='ocrx_word' id='word_1_68' title='bbox 1183 743 1268 783; x_wconf 90' lang='lat' dir='ltr'>iam</span> <span class='ocrx_word' id='word_1_69' title='bbox 1305 743 1552 793; x_wconf 89' lang='lat' dir='ltr'>destinatas,</span> <span class='ocrx_word' id='word_1_70' title='bbox 1576 749 1621 785; x_wconf 89' lang='lat' dir='ltr'>et</span> 
     </span>
     <span class='ocr_line' id='line_1_11' title="bbox 218 811 1620 865; baseline 0.001 -13"><span class='ocrx_word' id='word_1_71' title='bbox 218 812 449 853; x_wconf 86' lang='lat' dir='ltr'>nonnullas</span> <span class='ocrx_word' id='word_1_72' title='bbox 479 811 530 852; x_wconf 87' lang='lat' dir='ltr'>de</span> <span class='ocrx_word' id='word_1_73' title='bbox 566 811 839 852; x_wconf 86' lang='lat' dir='ltr'>matrimonio</span> <span class='ocrx_word' id='word_1_74' title='bbox 876 811 1149 852; x_wconf 81' lang='lat' dir='ltr'>mulierculas</span> <span class='ocrx_word' id='word_1_75' title='bbox 1182 811 1273 851; x_wconf 87' lang='lat' dir='ltr'>sine</span> <span class='ocrx_word' id='word_1_76' title='bbox 1310 825 1424 852; x_wconf 85' lang='lat' dir='ltr'>more</span> <span class='ocrx_word' id='word_1_77' title='bbox 1465 812 1620 865; x_wconf 83' lang='lat' dir='ltr'>rapuit,</span> 
     </span>
     <span class='ocr_line' id='line_1_12' title="bbox 218 878 1617 932; baseline -0.001 -13"><span class='ocrx_word' id='word_1_78' title='bbox 218 879 410 928; x_wconf 87' lang='lat' dir='ltr'>violavit,</span> <span class='ocrx_word' id='word_1_79' title='bbox 448 879 599 927; x_wconf 88' lang='lat' dir='ltr'>illusit,</span> <span class='ocrx_word' id='word_1_80' title='bbox 636 884 680 919; x_wconf 88' lang='lat' dir='ltr'>et</span> <span class='ocrx_word' id='word_1_81' title='bbox 717 892 814 919; x_wconf 86' lang='lat' dir='ltr'>cum</span> <span class='ocrx_word' id='word_1_82' title='bbox 857 892 1000 918; x_wconf 91' lang='lat' dir='ltr'>earum</span> <span class='ocrx_word' id='word_1_83' title='bbox 1033 879 1298 932; x_wconf 86' lang='lat' dir='ltr'>parentibus,</span> <span class='ocrx_word' id='word_1_84' title='bbox 1336 878 1380 918; x_wconf 89' lang='lat' dir='ltr'>id</span> <span class='ocrx_word' id='word_1_85' title='bbox 1419 884 1484 919; x_wconf 89' lang='lat' dir='ltr'>est</span> <span class='ocrx_word' id='word_1_86' title='bbox 1521 893 1617 920; x_wconf 76' lang='lat' dir='ltr'>cuin</span> 
     </span>
     <span class='ocr_line' id='line_1_13' title="bbox 217 946 1619 1000; baseline -0.001 -12"><span class='ocrx_word' id='word_1_87' title='bbox 217 947 371 988; x_wconf 86' lang='lat' dir='ltr'>soceris</span> <span class='ocrx_word' id='word_1_88' title='bbox 397 946 485 987; x_wconf 89' lang='lat' dir='ltr'>suis</span> <span class='ocrx_word' id='word_1_89' title='bbox 510 946 671 986; x_wconf 91' lang='lat' dir='ltr'>bellum</span> <span class='ocrx_word' id='word_1_90' title='bbox 696 946 878 994; x_wconf 89' lang='lat' dir='ltr'>miscuit,</span> <span class='ocrx_word' id='word_1_91' title='bbox 904 946 1193 1000; x_wconf 88' lang='lat' dir='ltr'>propinquum</span> <span class='ocrx_word' id='word_1_92' title='bbox 1219 946 1470 999; x_wconf 81' lang='lat' dir='ltr'>sanguinem</span> <span class='ocrx_word' id='word_1_93' title='bbox 1495 946 1619 988; x_wconf 86' lang='lat' dir='ltr'>fudit.</span> 
     </span>
     <span class='ocr_line' id='line_1_14' title="bbox 220 1013 1618 1067; baseline 0 -13"><span class='ocrx_word' id='word_1_94' title='bbox 220 1015 335 1065; x_wconf 76' lang='lat' dir='ltr'>Quid</span> <span class='ocrx_word' id='word_1_95' title='bbox 359 1013 647 1067; x_wconf 81' lang='lat' dir='ltr'>irreligiosius,</span> <span class='ocrx_word' id='word_1_96' title='bbox 672 1013 775 1067; x_wconf 86' lang='lat' dir='ltr'>quid</span> <span class='ocrx_word' id='word_1_97' title='bbox 811 1013 1026 1062; x_wconf 87' lang='lat' dir='ltr'>audacius,</span> <span class='ocrx_word' id='word_1_98' title='bbox 1051 1013 1154 1067; x_wconf 89' lang='lat' dir='ltr'>quid</span> <span class='ocrx_word' id='word_1_99' title='bbox 1191 1013 1282 1067; x_wconf 90' lang='lat' dir='ltr'>ipsa</span> <span class='ocrx_word' id='word_1_100' title='bbox 1318 1013 1488 1055; x_wconf 84' lang='lat' dir='ltr'>sceleris</span> <span class='ocrx_word' id='word_1_101' title='bbox 1521 1027 1618 1055; x_wconf 86' lang='lat' dir='ltr'>con-</span> 
     </span>
     <span class='ocr_line' id='line_1_15' title="bbox 219 1080 1620 1134; baseline 0 -12"><span class='ocrx_word' id='word_1_102' title='bbox 219 1081 394 1123; x_wconf 87' lang='lat' dir='ltr'>fidentia</span> <span class='ocrx_word' id='word_1_103' title='bbox 442 1081 614 1122; x_wconf 78' lang='lat' dir='ltr'>tutius?</span> <span class='ocrx_word' id='word_1_104' title='bbox 685 1081 778 1120; x_wconf 88' lang='lat' dir='ltr'>Iam</span> <span class='ocrx_word' id='word_1_105' title='bbox 826 1081 1030 1121; x_wconf 89' lang='lat' dir='ltr'>finitimos</span> <span class='ocrx_word' id='word_1_106' title='bbox 1072 1094 1171 1134; x_wconf 80' lang='lat' dir='ltr'>agro</span> <span class='ocrx_word' id='word_1_107' title='bbox 1212 1080 1382 1134; x_wconf 88' lang='lat' dir='ltr'>pellere,</span> <span class='ocrx_word' id='word_1_108' title='bbox 1423 1081 1620 1122; x_wconf 89' lang='lat' dir='ltr'>civitates</span> 
     </span>
     <span class='ocr_line' id='line_1_16' title="bbox 219 1147 1620 1203; baseline 0.001 -14"><span class='ocrx_word' id='word_1_109' title='bbox 219 1149 433 1203; x_wconf 83' lang='lat' dir='ltr'>proximas</span> <span class='ocrx_word' id='word_1_110' title='bbox 458 1153 646 1189; x_wconf 87' lang='lat' dir='ltr'>evertere</span> <span class='ocrx_word' id='word_1_111' title='bbox 671 1161 767 1188; x_wconf 89' lang='lat' dir='ltr'>cum</span> <span class='ocrx_word' id='word_1_112' title='bbox 794 1147 966 1202; x_wconf 86' lang='lat' dir='ltr'>templis</span> <span class='ocrx_word' id='word_1_113' title='bbox 992 1153 1034 1189; x_wconf 88' lang='lat' dir='ltr'>et</span> <span class='ocrx_word' id='word_1_114' title='bbox 1054 1147 1273 1197; x_wconf 79' lang='lat' dir='ltr'>altaribus,</span> <span class='ocrx_word' id='word_1_115' title='bbox 1289 1156 1436 1202; x_wconf 87' lang='lat' dir='ltr'>captos</span> <span class='ocrx_word' id='word_1_116' title='bbox 1461 1163 1620 1203; x_wconf 83' lang='lat' dir='ltr'>cogere,</span> 
     </span>
     <span class='ocr_line' id='line_1_17' title="bbox 219 1215 1620 1264; baseline -0.001 -7"><span class='ocrx_word' id='word_1_117' title='bbox 219 1216 386 1257; x_wconf 90' lang='lat' dir='ltr'>damnis</span> <span class='ocrx_word' id='word_1_118' title='bbox 412 1215 563 1256; x_wconf 89' lang='lat' dir='ltr'>alienis</span> <span class='ocrx_word' id='word_1_119' title='bbox 588 1220 632 1256; x_wconf 91' lang='lat' dir='ltr'>et</span> <span class='ocrx_word' id='word_1_120' title='bbox 657 1215 744 1256; x_wconf 88' lang='lat' dir='ltr'>suis</span> <span class='ocrx_word' id='word_1_121' title='bbox 769 1215 1002 1256; x_wconf 88' lang='lat' dir='ltr'>sceleribus</span> <span class='ocrx_word' id='word_1_122' title='bbox 1031 1215 1283 1264; x_wconf 83' lang='lat' dir='ltr'>adolescere,</span> <span class='ocrx_word' id='word_1_123' title='bbox 1312 1229 1409 1256; x_wconf 86' lang='lat' dir='ltr'>cum</span> <span class='ocrx_word' id='word_1_124' title='bbox 1436 1217 1620 1257; x_wconf 86' lang='lat' dir='ltr'>Romulo</span> 
     </span>
     <span class='ocr_line' id='line_1_18' title="bbox 219 1282 1619 1339; baseline 0 -15"><span class='ocrx_word' id='word_1_125' title='bbox 219 1284 388 1339; x_wconf 83' lang='lat' dir='ltr'>regibus</span> <span class='ocrx_word' id='word_1_126' title='bbox 414 1283 566 1324; x_wconf 87' lang='lat' dir='ltr'>ceteris</span> <span class='ocrx_word' id='word_1_127' title='bbox 591 1287 635 1324; x_wconf 89' lang='lat' dir='ltr'>et</span> <span class='ocrx_word' id='word_1_128' title='bbox 659 1283 886 1336; x_wconf 83' lang='lat' dir='ltr'>postremis</span> <span class='ocrx_word' id='word_1_129' title='bbox 912 1282 1091 1323; x_wconf 90' lang='lat' dir='ltr'>ducibus</span> <span class='ocrx_word' id='word_1_130' title='bbox 1121 1282 1350 1337; x_wconf 81' lang='lat' dir='ltr'>disciplina</span> <span class='ocrx_word' id='word_1_131' title='bbox 1378 1284 1619 1325; x_wconf 86' lang='lat' dir='ltr'>communis</span> 
     </span>
     <span class='ocr_line' id='line_1_19' title="bbox 218 1356 294 1395; baseline 0.026 -2"><span class='ocrx_word' id='word_1_132' title='bbox 218 1356 294 1395; x_wconf 89' lang='lat' dir='ltr'>est.</span> 
     </span>
    </p>

    <p class='ocr_par' dir='ltr' id='par_1_3' title="bbox 218 1416 1619 2335">
     <span class='ocr_line' id='line_1_20' title="bbox 301 1416 1618 1472; baseline 0.001 -14"><span class='ocrx_word' id='word_1_133' title='bbox 301 1419 371 1459; x_wconf 88' lang='lat' dir='ltr'>Ita</span> <span class='ocrx_word' id='word_1_134' title='bbox 386 1417 595 1472; x_wconf 86' lang='lat' dir='ltr'>quidquid</span> <span class='ocrx_word' id='word_1_135' title='bbox 616 1417 799 1458; x_wconf 83' lang='lat' dir='ltr'>Romani</span> <span class='ocrx_word' id='word_1_136' title='bbox 815 1421 975 1465; x_wconf 85' lang='lat' dir='ltr'>tenent,</span> <span class='ocrx_word' id='word_1_137' title='bbox 995 1416 1154 1465; x_wconf 88' lang='lat' dir='ltr'>colunt,</span> <span class='ocrx_word' id='word_1_138' title='bbox 1170 1417 1403 1471; x_wconf 86' lang='lat' dir='ltr'>possident,</span> <span class='ocrx_word' id='word_1_139' title='bbox 1418 1417 1618 1459; x_wconf 84' lang='lat' dir='ltr'>audaciae</span> 
     </span>
     <span class='ocr_line' id='line_1_21' title="bbox 219 1484 1618 1540; baseline 0 -14"><span class='ocrx_word' id='word_1_140' title='bbox 219 1486 375 1540; x_wconf 88' lang='lat' dir='ltr'>praeda</span> <span class='ocrx_word' id='word_1_141' title='bbox 399 1491 489 1526; x_wconf 90' lang='lat' dir='ltr'>est:</span> <span class='ocrx_word' id='word_1_142' title='bbox 527 1485 687 1538; x_wconf 89' lang='lat' dir='ltr'>templa</span> <span class='ocrx_word' id='word_1_143' title='bbox 711 1484 854 1525; x_wconf 85' lang='lat' dir='ltr'>omnia</span> <span class='ocrx_word' id='word_1_144' title='bbox 887 1484 938 1525; x_wconf 86' lang='lat' dir='ltr'>de</span> <span class='ocrx_word' id='word_1_145' title='bbox 970 1484 1196 1532; x_wconf 87' lang='lat' dir='ltr'>manubiis,</span> <span class='ocrx_word' id='word_1_146' title='bbox 1221 1484 1264 1525; x_wconf 93' lang='lat' dir='ltr'>id</span> <span class='ocrx_word' id='word_1_147' title='bbox 1298 1490 1373 1533; x_wconf 86' lang='lat' dir='ltr'>est,</span> <span class='ocrx_word' id='word_1_148' title='bbox 1399 1485 1450 1525; x_wconf 89' lang='lat' dir='ltr'>de</span> <span class='ocrx_word' id='word_1_149' title='bbox 1483 1486 1618 1527; x_wconf 88' lang='lat' dir='ltr'>ruinis</span> 
     </span>
     <span class='ocr_line' id='line_1_22' title="bbox 218 1551 1619 1606; baseline -0.001 -12"><span class='ocrx_word' id='word_1_150' title='bbox 218 1554 401 1602; x_wconf 88' lang='lat' dir='ltr'>urbium,</span> <span class='ocrx_word' id='word_1_151' title='bbox 426 1553 478 1594; x_wconf 91' lang='lat' dir='ltr'>de</span> <span class='ocrx_word' id='word_1_152' title='bbox 503 1552 650 1606; x_wconf 88' lang='lat' dir='ltr'>spoliis</span> <span class='ocrx_word' id='word_1_153' title='bbox 676 1552 864 1600; x_wconf 85' lang='lat' dir='ltr'>deorum,</span> <span class='ocrx_word' id='word_1_154' title='bbox 883 1552 935 1592; x_wconf 91' lang='lat' dir='ltr'>de</span> <span class='ocrx_word' id='word_1_155' title='bbox 952 1551 1152 1592; x_wconf 89' lang='lat' dir='ltr'>caedibus</span> <span class='ocrx_word' id='word_1_156' title='bbox 1171 1552 1452 1593; x_wconf 86' lang='lat' dir='ltr'>sacerdotum.</span> <span class='ocrx_word' id='word_1_157' title='bbox 1523 1553 1619 1593; x_wconf 90' lang='lat' dir='ltr'>Hoc</span> 
     </span>
     <span class='ocr_line' id='line_1_23' title="bbox 218 1618 1619 1675; baseline -0.001 -13"><span class='ocrx_word' id='word_1_158' title='bbox 218 1621 427 1662; x_wconf 86' lang='lat' dir='ltr'>insultare</span> <span class='ocrx_word' id='word_1_159' title='bbox 446 1625 489 1661; x_wconf 89' lang='lat' dir='ltr'>et</span> <span class='ocrx_word' id='word_1_160' title='bbox 507 1619 686 1661; x_wconf 89' lang='lat' dir='ltr'>illudere</span> <span class='ocrx_word' id='word_1_161' title='bbox 702 1624 777 1668; x_wconf 86' lang='lat' dir='ltr'>est,</span> <span class='ocrx_word' id='word_1_162' title='bbox 796 1619 921 1660; x_wconf 86' lang='lat' dir='ltr'>victis</span> <span class='ocrx_word' id='word_1_163' title='bbox 941 1618 1217 1674; x_wconf 83' lang='lat' dir='ltr'>religionibus</span> <span class='ocrx_word' id='word_1_164' title='bbox 1238 1620 1409 1668; x_wconf 87' lang='lat' dir='ltr'>servire,</span> <span class='ocrx_word' id='word_1_165' title='bbox 1429 1621 1619 1675; x_wconf 87' lang='lat' dir='ltr'>captivas</span> 
     </span>
     <span class='ocr_line' id='line_1_24' title="bbox 220 1686 1618 1741; baseline -0.001 -12"><span class='ocrx_word' id='word_1_166' title='bbox 220 1702 289 1729; x_wconf 87' lang='lat' dir='ltr'>eas</span> <span class='ocrx_word' id='word_1_167' title='bbox 332 1693 429 1741; x_wconf 90' lang='lat' dir='ltr'>post</span> <span class='ocrx_word' id='word_1_168' title='bbox 471 1687 673 1728; x_wconf 87' lang='lat' dir='ltr'>victorias</span> <span class='ocrx_word' id='word_1_169' title='bbox 715 1687 897 1727; x_wconf 84' lang='lat' dir='ltr'>adorare.</span> <span class='ocrx_word' id='word_1_170' title='bbox 967 1686 1082 1726; x_wconf 90' lang='lat' dir='ltr'>Nam</span> <span class='ocrx_word' id='word_1_171' title='bbox 1123 1687 1298 1728; x_wconf 87' lang='lat' dir='ltr'>adorare</span> <span class='ocrx_word' id='word_1_172' title='bbox 1340 1701 1447 1740; x_wconf 87' lang='lat' dir='ltr'>quae</span> <span class='ocrx_word' id='word_1_173' title='bbox 1486 1701 1618 1728; x_wconf 87' lang='lat' dir='ltr'>manu</span> 
     </span>
     <span class='ocr_line' id='line_1_25' title="bbox 220 1754 1616 1810; baseline -0.001 -13"><span class='ocrx_word' id='word_1_174' title='bbox 220 1755 392 1810; x_wconf 89' lang='lat' dir='ltr'>ceperis,</span> <span class='ocrx_word' id='word_1_175' title='bbox 417 1755 687 1808; x_wconf 80' lang='lat' dir='ltr'>sacrilegium</span> <span class='ocrx_word' id='word_1_176' title='bbox 712 1758 777 1795; x_wconf 88' lang='lat' dir='ltr'>est</span> <span class='ocrx_word' id='word_1_177' title='bbox 803 1767 1056 1803; x_wconf 86' lang='lat' dir='ltr'>consecrare,</span> <span class='ocrx_word' id='word_1_178' title='bbox 1072 1767 1159 1794; x_wconf 90' lang='lat' dir='ltr'>non</span> <span class='ocrx_word' id='word_1_179' title='bbox 1184 1754 1371 1794; x_wconf 84' lang='lat' dir='ltr'>numina.</span> <span class='ocrx_word' id='word_1_180' title='bbox 1443 1755 1616 1796; x_wconf 87' lang='lat' dir='ltr'>Totiens</span> 
     </span>
     <span class='ocr_line' id='line_1_26' title="bbox 219 1821 1617 1878; baseline -0.001 -14"><span class='ocrx_word' id='word_1_181' title='bbox 219 1837 318 1878; x_wconf 84' lang='lat' dir='ltr'>ergo</span> <span class='ocrx_word' id='word_1_182' title='bbox 344 1822 547 1863; x_wconf 84' lang='lat' dir='ltr'>Romanis</span> <span class='ocrx_word' id='word_1_183' title='bbox 572 1822 800 1876; x_wconf 87' lang='lat' dir='ltr'>impiatum</span> <span class='ocrx_word' id='word_1_184' title='bbox 826 1826 891 1862; x_wconf 88' lang='lat' dir='ltr'>est</span> <span class='ocrx_word' id='word_1_185' title='bbox 910 1821 1108 1875; x_wconf 86' lang='lat' dir='ltr'>quotiens</span> <span class='ocrx_word' id='word_1_186' title='bbox 1130 1821 1456 1875; x_wconf 89' lang='lat' dir='ltr'>triumphatum,</span> <span class='ocrx_word' id='word_1_187' title='bbox 1481 1826 1546 1863; x_wconf 89' lang='lat' dir='ltr'>tot</span> <span class='ocrx_word' id='word_1_188' title='bbox 1565 1822 1617 1863; x_wconf 91' lang='lat' dir='ltr'>de</span> 
     </span>
     <span class='ocr_line' id='line_1_27' title="bbox 221 1888 1617 1944; baseline -0.001 -13"><span class='ocrx_word' id='word_1_189' title='bbox 221 1891 301 1931; x_wconf 90' lang='lat' dir='ltr'>diis</span> <span class='ocrx_word' id='word_1_190' title='bbox 327 1890 462 1944; x_wconf 89' lang='lat' dir='ltr'>spolia</span> <span class='ocrx_word' id='word_1_191' title='bbox 486 1894 590 1943; x_wconf 90' lang='lat' dir='ltr'>quot</span> <span class='ocrx_word' id='word_1_192' title='bbox 619 1889 671 1930; x_wconf 91' lang='lat' dir='ltr'>de</span> <span class='ocrx_word' id='word_1_193' title='bbox 702 1889 902 1943; x_wconf 81' lang='lat' dir='ltr'>gentibus</span> <span class='ocrx_word' id='word_1_194' title='bbox 939 1894 982 1929; x_wconf 87' lang='lat' dir='ltr'>et</span> <span class='ocrx_word' id='word_1_195' title='bbox 1017 1893 1200 1942; x_wconf 87' lang='lat' dir='ltr'>tropaea.</span> <span class='ocrx_word' id='word_1_196' title='bbox 1273 1888 1411 1942; x_wconf 83' lang='lat' dir='ltr'>Igitur</span> <span class='ocrx_word' id='word_1_197' title='bbox 1434 1889 1617 1930; x_wconf 85' lang='lat' dir='ltr'>Romani</span> 
     </span>
     <span class='ocr_line' id='line_1_28' title="bbox 220 1955 1617 2011; baseline 0 -13"><span class='ocrx_word' id='word_1_198' title='bbox 220 1972 305 1998; x_wconf 89' lang='lat' dir='ltr'>non</span> <span class='ocrx_word' id='word_1_199' title='bbox 330 1957 424 1998; x_wconf 91' lang='lat' dir='ltr'>ideo</span> <span class='ocrx_word' id='word_1_200' title='bbox 450 1956 574 2005; x_wconf 86' lang='lat' dir='ltr'>tanti,</span> <span class='ocrx_word' id='word_1_201' title='bbox 600 1956 712 2009; x_wconf 89' lang='lat' dir='ltr'>quod</span> <span class='ocrx_word' id='word_1_202' title='bbox 736 1956 935 2009; x_wconf 82' lang='lat' dir='ltr'>religiosi,</span> <span class='ocrx_word' id='word_1_203' title='bbox 960 1955 1034 1996; x_wconf 87' lang='lat' dir='ltr'>sed</span> <span class='ocrx_word' id='word_1_204' title='bbox 1059 1956 1173 2009; x_wconf 87' lang='lat' dir='ltr'>quod</span> <span class='ocrx_word' id='word_1_205' title='bbox 1197 1956 1371 2009; x_wconf 89' lang='lat' dir='ltr'>impune</span> <span class='ocrx_word' id='word_1_206' title='bbox 1397 1956 1617 2011; x_wconf 83' lang='lat' dir='ltr'>sacrilegi:</span> 
     </span>
     <span class='ocr_line' id='line_1_29' title="bbox 220 2023 1616 2078; baseline -0.001 -12"><span class='ocrx_word' id='word_1_207' title='bbox 220 2039 358 2078; x_wconf 86' lang='lat' dir='ltr'>neque</span> <span class='ocrx_word' id='word_1_208' title='bbox 406 2024 521 2065; x_wconf 90' lang='lat' dir='ltr'>enim</span> <span class='ocrx_word' id='word_1_209' title='bbox 568 2028 802 2077; x_wconf 87' lang='lat' dir='ltr'>potuerunt</span> <span class='ocrx_word' id='word_1_210' title='bbox 849 2023 895 2063; x_wconf 90' lang='lat' dir='ltr'>in</span> <span class='ocrx_word' id='word_1_211' title='bbox 942 2023 1045 2076; x_wconf 89' lang='lat' dir='ltr'>ipsis</span> <span class='ocrx_word' id='word_1_212' title='bbox 1093 2023 1216 2064; x_wconf 91' lang='lat' dir='ltr'>bellis</span> <span class='ocrx_word' id='word_1_213' title='bbox 1264 2023 1362 2064; x_wconf 88' lang='lat' dir='ltr'>deos</span> <span class='ocrx_word' id='word_1_214' title='bbox 1401 2023 1616 2065; x_wconf 89' lang='lat' dir='ltr'>adiutores</span> 
     </span>
     <span class='ocr_line' id='line_1_30' title="bbox 220 2091 1616 2144; baseline -0.001 -11"><span class='ocrx_word' id='word_1_215' title='bbox 220 2093 387 2141; x_wconf 87' lang='lat' dir='ltr'>habere,</span> <span class='ocrx_word' id='word_1_216' title='bbox 412 2091 614 2132; x_wconf 88' lang='lat' dir='ltr'>adversus</span> <span class='ocrx_word' id='word_1_217' title='bbox 640 2104 745 2144; x_wconf 88' lang='lat' dir='ltr'>quos</span> <span class='ocrx_word' id='word_1_218' title='bbox 769 2104 885 2130; x_wconf 87' lang='lat' dir='ltr'>arma</span> <span class='ocrx_word' id='word_1_219' title='bbox 910 2095 1154 2144; x_wconf 86' lang='lat' dir='ltr'>rapuerunt.</span> <span class='ocrx_word' id='word_1_220' title='bbox 1223 2091 1288 2130; x_wconf 81' lang='lat' dir='ltr'>At</span> <span class='ocrx_word' id='word_1_221' title='bbox 1306 2103 1411 2143; x_wconf 87' lang='lat' dir='ltr'>quos</span> <span class='ocrx_word' id='word_1_222' title='bbox 1427 2096 1616 2144; x_wconf 73' lang='lat' dir='ltr'>prostra-</span> 
     </span>
     <span class='ocr_line' id='line_1_31' title="bbox 221 2157 1617 2211; baseline -0.001 -11"><span class='ocrx_word' id='word_1_223' title='bbox 221 2163 383 2208; x_wconf 87' lang='lat' dir='ltr'>verant,</span> <span class='ocrx_word' id='word_1_224' title='bbox 407 2157 747 2211; x_wconf 86' lang='lat' dir='ltr'>detriumphatos</span> <span class='ocrx_word' id='word_1_225' title='bbox 772 2158 907 2199; x_wconf 85' lang='lat' dir='ltr'>colere</span> <span class='ocrx_word' id='word_1_226' title='bbox 931 2161 1162 2211; x_wconf 87' lang='lat' dir='ltr'>coeperunt</span> <span class='ocrx_word' id='word_1_227' title='bbox 1183 2173 1190 2197; x_wconf 77' lang='lat' dir='ltr'><em>z</em></span> <span class='ocrx_word' id='word_1_228' title='bbox 1226 2157 1329 2210; x_wconf 91' lang='lat' dir='ltr'>quid</span> <span class='ocrx_word' id='word_1_229' title='bbox 1365 2162 1511 2198; x_wconf 88' lang='lat' dir='ltr'>autem</span> <span class='ocrx_word' id='word_1_230' title='bbox 1543 2159 1617 2200; x_wconf 89' lang='lat' dir='ltr'>isti</span> 
     </span>
     <span class='ocr_line' id='line_1_32' title="bbox 220 2224 1615 2280; baseline -0.001 -13"><span class='ocrx_word' id='word_1_231' title='bbox 220 2227 280 2268; x_wconf 90' lang='lat' dir='ltr'>dii</span> <span class='ocrx_word' id='word_1_232' title='bbox 327 2239 401 2280; x_wconf 91' lang='lat' dir='ltr'>pro</span> <span class='ocrx_word' id='word_1_233' title='bbox 443 2225 645 2266; x_wconf 84' lang='lat' dir='ltr'>Romanis</span> <span class='ocrx_word' id='word_1_234' title='bbox 682 2233 873 2278; x_wconf 85' lang='lat' dir='ltr'>possunt,</span> <span class='ocrx_word' id='word_1_235' title='bbox 911 2225 985 2278; x_wconf 87' lang='lat' dir='ltr'>qui</span> <span class='ocrx_word' id='word_1_236' title='bbox 1023 2224 1133 2264; x_wconf 89' lang='lat' dir='ltr'>nihil</span> <span class='ocrx_word' id='word_1_237' title='bbox 1170 2238 1247 2278; x_wconf 91' lang='lat' dir='ltr'>pro</span> <span class='ocrx_word' id='word_1_238' title='bbox 1287 2224 1374 2265; x_wconf 90' lang='lat' dir='ltr'>suis</span> <span class='ocrx_word' id='word_1_239' title='bbox 1414 2225 1615 2266; x_wconf 86' lang='lat' dir='ltr'>adversus</span> 
     </span>
     <span class='ocr_line' id='line_1_33' title="bbox 221 2292 795 2335; baseline -0.003 0"><span class='ocrx_word' id='word_1_240' title='bbox 221 2307 365 2335; x_wconf 90' lang='lat' dir='ltr'>eorum</span> <span class='ocrx_word' id='word_1_241' title='bbox 391 2306 508 2333; x_wconf 88' lang='lat' dir='ltr'>arma</span> <span class='ocrx_word' id='word_1_242' title='bbox 533 2292 795 2333; x_wconf 78' lang='lat' dir='ltr'>voluerunt?</span> 
     </span>
    </p>

    <p class='ocr_par' dir='ltr' id='par_1_4' title="bbox 222 2358 1618 2478">
     <span class='ocr_line' id='line_1_34' title="bbox 306 2358 1613 2410; baseline -0.001 -9"><span class='ocrx_word' id='word_1_243' title='bbox 306 2361 594 2401; x_wconf 84' lang='lat' dir='ltr'>Romanorum</span> <span class='ocrx_word' id='word_1_244' title='bbox 624 2359 739 2400; x_wconf 88' lang='lat' dir='ltr'>enim</span> <span class='ocrx_word' id='word_1_245' title='bbox 764 2358 1014 2400; x_wconf 90' lang='lat' dir='ltr'>vernaculos</span> <span class='ocrx_word' id='word_1_246' title='bbox 1031 2358 1130 2399; x_wconf 91' lang='lat' dir='ltr'>deos</span> <span class='ocrx_word' id='word_1_247' title='bbox 1146 2359 1369 2398; x_wconf 88' lang='lat' dir='ltr'>novimus:</span> <span class='ocrx_word' id='word_1_248' title='bbox 1394 2358 1613 2410; x_wconf 87' lang='lat' dir='ltr'>Romulus,</span> 
     </span>
     <span class='ocr_line' id='line_1_35' title="bbox 222 2425 1618 2478; baseline -0.002 -9"><span class='ocrx_word' id='word_1_249' title='bbox 222 2427 361 2476; x_wconf 87' lang='lat' dir='ltr'>Picus,</span> <span class='ocrx_word' id='word_1_250' title='bbox 385 2426 607 2468; x_wconf 87' lang='lat' dir='ltr'>Tiberinus</span> <span class='ocrx_word' id='word_1_251' title='bbox 633 2431 676 2467; x_wconf 89' lang='lat' dir='ltr'>et</span> <span class='ocrx_word' id='word_1_252' title='bbox 700 2427 862 2467; x_wconf 86' lang='lat' dir='ltr'>Consus</span> <span class='ocrx_word' id='word_1_253' title='bbox 882 2430 925 2467; x_wconf 83' lang='lat' dir='ltr'>et</span> <span class='ocrx_word' id='word_1_254' title='bbox 951 2425 1178 2467; x_wconf 88' lang='lat' dir='ltr'>Pilumnus</span> <span class='ocrx_word' id='word_1_255' title='bbox 1203 2439 1250 2466; x_wconf 89' lang='lat' dir='ltr'>ac</span> <span class='ocrx_word' id='word_1_256' title='bbox 1270 2425 1511 2467; x_wconf 89' lang='lat' dir='ltr'>Volumnus</span> <span class='ocrx_word' id='word_1_257' title='bbox 1531 2426 1618 2478; x_wconf 79' lang='lat' dir='ltr'>dii3</span> 
     </span>
    </p>
   </div>
  </div>
 </body>
</html>
