1704 2704
656 74 956 116 OCTAVIUS
1444 76 1501 116 55

110 182 268 236 templa
303 187 349 223 ut
386 182 509 222 busta
540 181 794 234 despiciunt,
821 181 920 222 deos
945 181 1173 235 despuunt,
1198 180 1340 221 rident
1376 195 1504 229 sacra,

107 250 362 290 miserentur
397 249 542 289 miseri
578 249 630 301 (si
681 249 742 288 fas
789 249 870 301 est)
919 249 1198 297 sacerdotum,
1236 248 1414 288 honores
1461 254 1503 288 et

106 330 313 370 purpuras
348 316 601 369 despiciunt,
636 315 719 368 ipsi
755 315 975 356 seminudi.
1060 316 1142 356 Pro
1178 315 1284 355 mira
1315 315 1502 355 stultitia

107 388 150 424 et
165 383 424 424 incredibilis
440 382 616 423 audacia
638 385 644 422 1
673 386 884 435 spernunt
900 387 1114 424 tormenta
1132 381 1382 437 praesentia,
1399 381 1501 422 dum

105 451 267 491 incerta
306 455 505 490 metuunt
546 454 588 490 et
630 449 784 498 futura,
824 454 866 490 et
890 449 993 490 dum
1034 450 1140 490 mori
1182 454 1279 502 post
1320 454 1500 489 mortem

105 518 269 565 timent,
305 517 477 557 interim
525 516 633 557 mori
680 530 764 556 11011
811 516 996 558 timent:
1058 517 1118 557 ita
1164 516 1252 556 illis
1300 529 1498 568 pavorem

105 584 234 625 fallax
260 597 354 637 spes
380 584 533 624 solacia
558 583 749 624 rediviva
774 583 1001 624 blanditur.

619 747 892 788 CHAPTER
928 748 994 788 IX

106 832 387 886 Clm’istz'am‘ty
412 837 520 879 mast
555 833 596 873 be
618 833 863 885 suppressed.
934 833 996 872 Its
1020 833 1207 886 diseiples
1231 849 1302 875 cere
1325 836 1500 888 elemyed

235 900 335 940 with,
359 901 529 940 murder
553 900 642 939 ancl
666 900 731 939 the
750 904 916 952 yrossest
942 901 1203 955 immorality
1217 916 1233 951 ;
1269 903 1356 942 and
1392 903 1499 943 there

234 972 341 1007 must
384 967 424 1007 be
461 982 488 1007 a
528 967 779 1007 substratum
819 968 868 1020 of
903 968 1021 1007 truths
1058 968 1108 1008 in
1149 970 1251 1009 these
1280 971 1498 1022 persistent

234 1048 437 1075 rzemozcrs.
514 1035 622 1087 They
656 1035 836 1087 worship
871 1049 927 1074 an
963 1034 1060 1074 ass's
1094 1036 1211 1085 head,
1236 1051 1263 1076 α
1287 1038 1498 1087 erivainal,

234 1102 322 1142 and
347 1102 410 1141 tlte
434 1115 537 1142 erosas
560 1116 613 1141 on
637 1101 771 1141 which
796 1102 842 1141 he
864 1116 947 1141 oms
971 1103 1171 1155 cruez'fied.

185 1186 248 1226 Ac
274 1186 368 1235 iam,
387 1192 436 1226 ut
462 1185 685 1226 fecundius
711 1185 915 1239 nequiora
940 1186 1209 1239 proveniunt,
1225 1189 1496 1242 serpentibus

101 1253 143 1292 in
180 1252 269 1294 dies
305 1253 482 1307 perditis
518 1253 706 1294 moribus
744 1267 819 1306 per
855 1253 1103 1294 universum
1135 1255 1277 1295 orbem
1313 1256 1495 1296 sacraria

98 1320 179 1360 ista
225 1320 472 1361 taeterrima
518 1321 674 1374 impiae
722 1320 917 1361 coitionis
963 1320 1224 1363 adolescunt.
1296 1322 1495 1364 Eruenda

99 1400 269 1441 prorsus
295 1387 397 1428 haec
423 1392 466 1428 et
490 1387 749 1428 exsecranda
774 1387 1002 1428 consensio.
1076 1388 1267 1429 Occultis
1303 1403 1347 1430 se
1380 1391 1494 1431 notis

99 1460 141 1495 et
164 1454 403 1508 insignibus
446 1459 631 1495 noscunt
655 1459 698 1495 et
722 1460 868 1495 amant
902 1459 1062 1503 mutuo,
1087 1469 1221 1509 paene
1263 1462 1493 1511 antequam

98 1522 321 1572 noverint3
374 1522 532 1575 passim
578 1523 691 1562 inter
731 1535 800 1563 eos
843 1522 962 1562 velut
1009 1522 1217 1576 quaedam
1264 1523 1493 1565 libidinum

98 1585 247 1643 religio
299 1589 512 1637 miscetur,
548 1603 596 1629 ac
644 1603 686 1630 se
734 1589 941 1642 promisce
983 1589 1203 1643 appellant
1243 1591 1392 1632 fratres
1451 1597 1494 1632 et

96 1669 266 1705 sorores,
286 1661 335 1696 ut
359 1656 489 1697 etiam
513 1670 598 1697 non
623 1656 809 1697 insolens
834 1661 1030 1710 stuprum
1056 1656 1359 1699 intercessione
1383 1660 1492 1699 sacri

96 1723 279 1764 nominis
326 1723 402 1764 fiat
448 1724 671 1765 incestum.
764 1723 832 1764 Ita
881 1737 1024 1764 eorum
1073 1738 1181 1765 vana
1229 1730 1271 1766 et
1317 1726 1491 1767 demens

95 1790 339 1844 superstitio
376 1790 605 1831 sceleribus
640 1790 856 1843 gloriatur.
928 1791 1019 1831 Nec
1055 1791 1106 1832 de
1142 1792 1245 1845 ipsis
1280 1793 1363 1833 nisi
1391 1793 1488 1834 sub-

95 1858 264 1899 sisteret
310 1857 481 1906 veritas,
528 1858 712 1898 maxime
759 1858 916 1898 nefaria
940 1862 984 1898 et
1044 1859 1201 1899 honore
1259 1860 1490 1912 praefanda

94 1937 221 1979 sagax
253 1925 366 1965 fama
398 1924 654 1978 loqueretur.
724 1924 866 1965 Audio
903 1938 972 1965 eos
1008 1925 1278 1978 turpissimae
1314 1928 1487 1981 pecudis

94 1996 222 2046 caput
244 1992 371 2037 asini
413 1997 703 2032 consecratum
740 1992 886 2044 inepta
922 1992 1062 2033 nescio
1098 2006 1182 2046 qua
1218 1995 1487 2046 persuasione

93 2059 309 2099 venerari:
345 2059 472 2113 digna
497 2063 540 2100 et
564 2064 665 2099 nata
689 2059 838 2113 religio
864 2059 1021 2100 talibus
1047 2060 1244 2101 moribus.
1304 2061 1392 2101 Alii
1418 2076 1486 2103 eos

93 2126 234 2167 ferunt
269 2126 403 2180 ipsius
439 2126 646 2167 antistitis
681 2140 729 2166 ac
765 2126 992 2167 sacerdotis
1028 2127 1162 2168 colere
1204 2129 1408 2181 genitalia
1444 2136 1487 2170 et

93 2193 212 2245 quasi
251 2193 440 2247 parentis
481 2193 546 2234 sui
589 2193 762 2234 adorare
802 2197 1024 2234 naturam:
1084 2194 1225 2235 nescio
1266 2209 1320 2235 an
1367 2196 1486 2245 falsa,

91 2263 202 2300 certe
238 2260 415 2301 occultis
450 2274 498 2300 ao
535 2260 754 2301 nocturnis
790 2261 918 2301 saeris
954 2261 1148 2314 apposita
1176 2262 1369 2316 suspicio.
1431 2263 1487 2305 Et

92 2327 165 2379 qui
189 2327 406 2368 hominem
439 2340 604 2367 summo
637 2327 846 2380 supplicio
880 2341 955 2381 pro
983 2328 1169 2369 facinore
1206 2330 1407 2382 punitum
1443 2336 1486 2371 et

92 2394 225 2434 crucis
260 2394 376 2448 ligna
410 2394 558 2435 feralia
582 2407 728 2435 eorum
753 2395 1031 2435 caerimonias
1057 2395 1284 2446 fabulatur,
1309 2411 1483 2452 congru-
