1704 2704
660 91 961 133 OCTAVIUS
1418 93 1439 132 1
1451 93 1474 133 0
1486 94 1507 133 1

112 234 154 301 ἓξ
184 242 204 281 1
217 241 339 281 1-12.
379 241 409 280 I
395 241 433 293 f
452 240 688 282 Christianus
708 240 757 280 do
776 244 846 280 not
863 241 1006 280 attend
1018 240 1266 293 processions
1284 240 1370 279 cmd
1389 240 1514 280 shows

243 309 278 348 2⁶25
318 308 356 348 is
402 307 559 348 because
606 308 655 361 of
694 307 759 347 the
799 307 993 359 reliyio‘zts
1026 307 1287 360 siqmflcance
1323 307 1372 360 of
1400 307 1511 346 these.

256 374 491 428 Vulyarity,
511 375 706 428 obscenity
724 374 811 414 and
829 374 1000 414 murdeo·
1019 388 1089 414 are
1107 375 1173 414 the
1191 374 1514 414 characterismos

244 442 294 495 of
309 442 474 482 Roman
498 446 776 482 amusements.

179 539 270 580 Nos
303 540 448 593 igitur,
487 540 561 593 qui
599 539 789 580 moribus
828 543 872 580 et
910 539 1070 592 pudore
1097 552 1329 587 censemur,
1359 539 1511 580 merito
1533 550 1571 580 11

112 606 236 647 malis
260 607 555 660 voluptatibus
581 611 624 647 et
658 606 825 660 pompis
851 606 1007 647 vestris
1033 610 1076 647 et
1102 606 1354 660 spectaculis
1380 606 1512 647 absti-

111 687 272 722 nemus,
299 688 479 727 quorum
515 679 558 714 et
593 674 645 714 de
680 674 809 714 sacris
841 673 1049 727 originem
1082 673 1280 714 novimus
1315 679 1358 714 et
1384 673 1512 714 noxia

111 740 406 782 blandimenta
431 741 693 781 damnamus.
764 741 878 781 Nam
914 741 959 780 in
996 740 1109 781 ludis
1147 741 1389 782 currulibus
1415 741 1511 794 quis

112 822 198 848 non
223 808 393 849 horreat
417 808 565 862 populi
594 809 638 848 in
669 822 712 848 se
738 808 922 849 rixantis
953 808 1197 848 insaniam?
1235 809 1277 848 in
1304 808 1510 862 gladiato-

110 875 186 916 riis
210 875 430 916 homicidii
456 875 759 929 disciplinam?
828 876 880 915 In
902 875 1080 916 scenicis
1106 876 1235 916 etiam
1261 889 1346 916 non
1373 876 1511 916 minor
1531 885 1570 915 12

110 943 227 983 furor
273 948 313 983 et
360 942 582 996 turpitudo
630 942 860 996 prolixior:
910 956 1024 983 nunc
1072 943 1187 983 enim
1235 943 1392 983 mimus
1440 943 1510 983 vel

113 1010 291 1064 exponit
337 1009 550 1051 adulteria
591 1010 661 1050 vel
707 1014 930 1059 monstrat,
972 1024 1086 1050 nunc
1134 1010 1302 1051 enervis
1344 1010 1509 1059 histrio,

109 1091 295 1118 amorem
320 1077 422 1117 dum
447 1077 583 1131 fingit,
602 1077 784 1131 infligit:
820 1077 934 1118 idem
966 1077 1066 1118 deos
1091 1082 1255 1118 vestros
1291 1078 1509 1118 induendo

109 1149 269 1198 stupra,
294 1145 486 1198 suspiria,
511 1144 606 1184 odia
639 1144 877 1193 dedecorat,
907 1144 1021 1185 idem
1051 1144 1264 1185 simulatis
1294 1144 1510 1186 doloribus

109 1211 305 1252 lacrimas
330 1217 492 1253 vestras
525 1211 647 1252 vanis
679 1212 869 1265 gestibus
905 1216 948 1252 et
984 1212 1161 1253 nutibus
1186 1217 1414 1266 provocat:
1450 1213 1510 1253 sic

109 1278 388 1320 homicidium
413 1279 459 1319 in
484 1292 583 1320 vero
609 1278 825 1334 flagitatis,
849 1279 893 1319 in
918 1279 1139 1320 mendacio
1164 1279 1285 1320 fietis.

523 1478 797 1520 CHAPTER
844 1479 1096 1520 XXXVIII

108 1572 151 1639 ἓξ
181 1580 270 1620 1-4.
313 1580 394 1620 The
417 1593 561 1620 reason
585 1580 677 1633 why
705 1580 943 1621 Clw‘z'stians
971 1581 1135 1621 abstccin
1149 1582 1268 1634 from
1298 1582 1362 1621 the
1386 1587 1512 1622 meccts

242 1648 330 1688 ancl
352 1648 477 1687 wines
500 1648 548 1700 of
565 1648 754 1700 sacrifice.
830 1648 912 1688 The
939 1648 1186 1689 Clw‘z'stians'
1206 1663 1273 1689 use
1297 1649 1512 1702 offlowers

243 1715 280 1754 is
307 1728 415 1755 more
442 1714 671 1755 reasonable
707 1716 810 1755 than
846 1716 910 1755 the
941 1729 1083 1768 pccqan
1112 1716 1277 1756 Roman
1311 1730 1379 1756 use
1415 1716 1509 1770 (12.

247 1782 356 1835 5-6).

194 1882 317 1932 Quod
346 1897 446 1924 vero
483 1883 784 1924 sacrificiorum
822 1884 1024 1937 reliquias
1059 1889 1103 1925 et
1138 1884 1289 1939 pocula
1324 1885 1511 1927 delibata
1553 1892 1568 1921 1

108 1950 434 1999 contemnimus,
452 1964 538 1991 non
557 1951 763 1991 confessio
783 1951 948 1992 timoris
968 1956 1043 2003 est,
1062 1952 1135 1992 sed
1156 1966 1281 1993 verae
1300 1953 1510 1994 libertatis

109 2018 296 2059 assertio.
368 2018 492 2066 Nam,
519 2018 601 2059 etsi
638 2032 761 2058 omne
798 2018 910 2072 quod
943 2019 1145 2068 nascitur,
1176 2026 1225 2060 ut
1260 2020 1510 2062 inviolabile

108 2084 176 2126 dei
204 2099 373 2135 munus,
398 2085 519 2125 nullo
555 2099 681 2139 opere
718 2086 1019 2139 corrumpitur,
1048 2087 1315 2128 abstinemus
1353 2094 1509 2137 tamen,

109 2166 162 2193 ne
191 2153 286 2206 quis
311 2166 382 2193 uos
411 2152 630 2193 existimet
658 2157 734 2193 aut
763 2153 1009 2202 daemoniis,
1035 2154 1189 2207 quibus
1220 2154 1403 2196 libatum
1434 2160 1511 2205 est,

107 2219 252 2260 cedere
277 2224 352 2260 aut
376 2225 544 2260 nostrae
570 2219 785 2271 religionis
810 2221 979 2273 pudere.
1018 2221 1123 2270 Quis
1157 2227 1298 2261 autem
1333 2222 1405 2263 ille
1435 2223 1510 2275 qui

108 2286 288 2334 dubitat,
325 2287 467 2327 vernis
504 2287 723 2340 imlulgere
760 2301 835 2327 nos
868 2288 1048 2335 floribus,
1080 2303 1172 2328 cum
1211 2303 1435 2342 carpamus
1467 2295 1510 2330 et

108 2367 246 2394 rosam
271 2354 382 2394 veris
408 2358 450 2394 et
474 2354 613 2393 lilium
639 2360 681 2394 et
707 2355 915 2408 quidquid
946 2355 1064 2395 aliud
1090 2356 1133 2395 iu
1160 2356 1332 2396 floribus
1363 2357 1509 2398 blandi

108 2420 258 2461 coloris
277 2425 319 2461 et
339 2421 478 2461 odoris
503 2424 600 2461 est?
636 2422 717 2461 His
743 2423 854 2462 enim
876 2428 917 2462 et
942 2423 1098 2476 sparsis
1126 2423 1285 2463 utimur
1308 2424 1509 2465 mollibus

1551 2230 1570 2258 Na
