1704 2704
706 105 1003 147 OCTAVIUS
1496 103 1552 147 71

159 215 283 256 modo
307 214 489 263 aethera,
505 213 756 267 plerumque
780 214 989 254 rationem
1009 212 1137 253 deum
1162 211 1343 252 disserit.
1401 213 1557 259 Zenon,

159 282 347 323 eiusdem
389 281 602 334 magister,
644 280 881 321 naturalem
924 280 1068 334 legem·
1104 284 1233 332 atque
1275 279 1477 327 divinam,
1515 284 1558 319 et

158 349 330 390 aethera
366 349 551 396 interim,
574 348 874 401 interdumque
898 347 1106 387 rationem
1131 346 1227 386 vult
1252 346 1442 386 omnium
1468 359 1557 386 esse

158 416 418 471 principium
439 429 448 466 3
497 415 610 455 idem
646 414 967 468 interpretando
1006 414 1216 453 Iunonem
1255 418 1362 461 aera,
1412 413 1556 453 Iovem

160 483 335 531 caelum,
355 483 607 535 Neptunum
634 495 760 532 mare,
779 482 921 535 ignem
947 494 1036 522 esse
1061 480 1304 520 Vulcanum
1331 484 1373 520 et
1398 484 1558 520 ceteros

161 550 359 591 similiter
383 549 501 603 vulgi
526 549 624 590 deos
657 549 867 589 elementa
901 561 992 589 esse
1025 547 1302 588 monstrando
1337 546 1559 599 publicum

162 617 304 670 arguit
339 617 527 670 graviter
562 621 605 657 et
644 616 827 656 revincit
864 629 1057 656 errorem.
1117 614 1277 654 Eadem
1307 614 1394 654 fere
1426 613 1557 667 Chry-

162 685 333 737 sippus:
392 683 479 723 vim
513 683 703 723 divinam
739 683 1001 729 rationalem,
1026 687 1226 722 naturam
1262 686 1305 722 et
1340 681 1560 729 mundum,

161 751 333 791 interim
358 754 401 791 et
426 750 600 791 fatalem
627 751 923 790 necessitatem
953 749 1079 790 deum
1103 749 1238 789 credit
1264 749 1560 801 Zenonemque

162 817 513 871 interpretatione
538 817 824 871 physiologica
843 817 887 857 in
908 816 1098 864 Hesiodi,
1118 816 1297 856 Homeri
1317 815 1561 868 Orpheique

163 885 421 926 carminibus
468 884 673 924 imitatur.
746 884 982 938 Babylonio
1031 883 1159 924 etiam
1207 883 1390 936 Diogeni
1437 882 1560 922 disci-

164 952 282 1006 plina
311 956 376 992 est
405 951 647 1005 exponendi
681 957 723 991 et
750 951 984 992 disserendi
1018 951 1132 991 Iovis
1159 955 1327 1004 partum
1354 955 1396 990 et
1421 954 1562 989 ortum

164 1020 387 1060 Minervae
424 1023 466 1059 et
488 1019 566 1058 hoc
601 1032 734 1072 genus
770 1023 911 1059 cetera
946 1032 1088 1058 rerum
1114 1017 1320 1058 vocabula
1349 1031 1450 1066 esse,
1476 1030 1562 1056 non

163 1086 347 1127 deorum.
440 1086 553 1126 Nam
590 1085 827 1126 Socraticus
866 1085 1107 1138 Xenophon
1145 1085 1324 1125 formam
1363 1084 1431 1124 dei
1472 1083 1563 1124 veri

164 1158 291 1209 negat
326 1153 462 1194 videri
498 1166 619 1206 posse
656 1158 698 1194 et
733 1153 827 1193 ideo
863 1152 1007 1206 quaeri
1043 1165 1128 1192 non
1161 1151 1359 1205 oporteri‚
1384 1151 1562 1191 Ariston

166 1221 331 1261 Stoicus
357 1220 657 1273 comprehendi
693 1220 864 1260 omnino
901 1233 986 1259 non
1023 1232 1170 1273 posse:
1208 1224 1387 1272 uterque
1412 1218 1562 1258 maies-

163 1292 297 1329 tatem
336 1288 404 1328 dei
439 1287 718 1341 intellegendi
754 1287 1048 1340 desperatione
1085 1291 1319 1327 senserunt.
1392 1285 1563 1326 Platoni

165 1355 350 1409 apertior
374 1354 425 1395 de
451 1354 527 1394 deo
552 1361 595 1395 et
621 1355 746 1395 rebus
775 1355 877 1408 ipsis
903 1360 947 1394 et
971 1354 1215 1394 nominibus
1252 1353 1386 1394 oratio
1422 1358 1486 1393 est
1522 1357 1565 1392 et

165 1436 273 1476 quae
310 1426 400 1462 tota
436 1426 546 1462 esset
583 1421 786 1469 caelestis,
830 1421 911 1461 nisi
951 1420 1237 1475 persuasionis
1279 1420 1418 1460 civilis
1459 1433 1563 1459 non-

165 1503 385 1543 nunquam
428 1488 688 1529 admixtione
744 1488 1010 1529 sordesceret.
1089 1487 1261 1527 Platoni
1313 1487 1460 1540 itaque
1518 1486 1563 1526 in

166 1557 336 1597 Timaeo
365 1556 468 1597 deus
497 1561 560 1597 est
589 1556 679 1609 ipso
716 1570 790 1596 suo
826 1555 998 1596 nomine
1034 1555 1184 1595 mundi
1220 1568 1383 1608 parens,
1409 1554 1563 1594 artifex

166 1624 343 1672 animae,
385 1623 646 1664 terrestrium
684 1628 1034 1676 terrenorumque
1074 1622 1311 1670 fabricator,
1354 1635 1480 1675 quem
1523 1626 1565 1661 et

165 1691 359 1731 invenire
394 1690 565 1731 difficile
601 1704 700 1744 prae
734 1690 866 1730 nimia
902 1696 944 1730 et
979 1689 1219 1730 incredibili
1257 1693 1481 1742 potestate,
1522 1695 1566 1728 et

167 1772 263 1799 cum
288 1758 514 1806 inveneris,
539 1758 583 1797 in
608 1757 825 1811 publicum
853 1757 990 1797 dicere
1015 1756 1276 1810 impossibile
1301 1756 1530 1809 praefatur.

248 1825 407 1865 Eadem
444 1825 529 1865 fere
563 1829 605 1864 et
640 1825 735 1873 ista,
760 1838 867 1877 quae
905 1830 1048 1864 nostra
1083 1831 1209 1864 sunt:
1249 1838 1343 1863 nam
1372 1828 1414 1864 et
1438 1822 1565 1863 deum

168 1893 364 1933 novimus
413 1898 455 1932 et
503 1898 721 1945 parentem
770 1892 960 1932 omnium
1004 1891 1183 1931 dicimus
1232 1896 1273 1931 et
1332 1904 1564 1943 numquam

168 1960 336 2014 publice
372 1959 454 2000 nisi
490 1959 739 2013 interrogati
775 1958 1080 2013 praedicamus.

1602 625 1639 654 11

1606 893 1645 923 12

1607 1094 1645 1124 13

1608 1496 1647 1525 14

1610 1830 1650 1860 15
