1704 2704
112 344 149 374 11

118 747 159 776 12

198 91 256 131 96
745 89 1047 131 OCTAVIUS

192 197 407 246 timemus,
464 197 538 238 sed
599 202 789 238 veterem
854 201 897 238 et
956 196 1174 238 meliorem
1241 195 1597 238 consuetudinem

194 265 400 305 humandi
432 265 761 318 frequentamus.

279 332 401 381 Vide,
431 332 546 380 adeo,
584 346 711 386 quam
748 332 793 372 in
830 331 1035 373 solacium
1072 331 1207 372 nostri
1244 331 1598 372 resurrectionem

196 400 385 440 futuram
435 399 572 440 omnis
632 406 787 440 natura
838 399 1081 440 meditetur.
1169 398 1239 439 Sol
1295 398 1502 452 demergit
1555 401 1599 438 et

197 467 398 516 nascitur,
440 472 555 508 astra
590 467 796 507 labuntur
831 472 874 507 et
914 466 1106 515 redeunt,
1147 466 1270 507 flores
1312 465 1514 506 occidunt
1555 469 1599 505 et

198 535 480 583 revivescunt,
522 539 619 588 post
665 534 832 575 senium
880 534 1053 575 arbusta
1101 533 1389 581 frondescunt,
1437 532 1600 573 semina

199 602 371 642 nonnisi
407 606 609 655 corrupta
646 602 934 642 revirescunt:
980 602 1040 642 ita
1076 615 1227 655 corpus
1266 601 1311 640 in
1347 600 1527 648 saeculo,
1552 604 1602 639 ut

199 669 366 710 arbores
391 669 435 708 in
460 669 664 710 hiberno:
700 670 918 709 occultant
954 669 1138 709 virorem
1174 667 1372 708 ariditate
1407 666 1600 708 mentita.

202 736 316 786 Quid
374 736 563 784 festinas,
603 742 652 777 ut
701 736 829 776 cruda
876 736 1016 777 adhuc
1075 736 1213 777 hieme
1262 735 1501 776 revivescat
1558 739 1602 775 et

201 804 379 845 redeat?
449 803 776 857 Expectandum
801 804 923 844 nobis
949 804 1079 844 etiam
1105 803 1289 856 corporis
1315 816 1388 843 ver
1411 808 1486 843 est.

288 871 381 912 Nec
405 871 553 926 ignoro
578 871 804 925 plerosque
829 871 1090 912 conscientia
1126 870 1378 912 meritorum
1413 869 1524 910 nihil
1560 883 1604 910 se

202 952 292 980 esse
329 943 426 992 post
462 944 643 979 mortem
680 938 813 992 magis
850 944 997 992 optare
1033 952 1161 992 quam
1204 937 1399 988 credere3
1435 936 1603 977 malunt

203 1006 318 1046 enim
365 1006 560 1060 extingui
617 1005 790 1059 penitus
837 1019 966 1059 quam
1025 1006 1078 1046 ad
1137 1005 1348 1059 supplicia
1406 1004 1603 1058 reparari.

205 1074 395 1123 Quorum
421 1087 533 1114 error
557 1078 738 1127 augetur
774 1078 816 1114 et
853 1074 897 1113 in
935 1073 1102 1114 saeculo
1138 1073 1338 1114 libertate
1362 1072 1538 1113 remissa
1563 1075 1607 1112 et

204 1141 272 1181 dei
319 1141 528 1194 patientia
571 1141 769 1190 maxima,
811 1141 932 1181 cuius
974 1145 1134 1194 quanto
1176 1139 1383 1180 iudicium
1424 1139 1606 1187 tardum,

206 1213 328 1249 tanto
354 1208 488 1263 magis
514 1208 677 1249 iustum
703 1213 777 1248 est.
966 1202 969 1203 ⁷

666 1407 940 1447 CHAPTER
982 1406 1154 1447 XXXV

205 1499 247 1566 ἓξ
289 1507 377 1547 1-4.
425 1507 495 1546 We
535 1506 635 1547 have
682 1507 744 1547 the
785 1507 997 1560 warningts
1043 1507 1093 1560 of
1121 1511 1241 1560 poete,
1276 1506 1482 1560 prophet&
1523 1506 1611 1546 and

335 1574 616 1628 philosophas
638 1575 879 1627 concerniny
914 1575 979 1614 the
1015 1575 1208 1614 eoeistenoe
1243 1574 1292 1627 of
1320 1574 1408 1613 that
1438 1573 1532 1626 pool
1568 1574 1617 1626 of

332 1642 414 1695 fire
438 1642 572 1682 which
595 1642 765 1696 Jupiter
797 1642 1106 1695 himsefffears,
1131 1642 1260 1682 where
1289 1655 1346 1680 cm
1370 1641 1610 1692 everlastz'hy

337 1709 609 1762 punishment
651 1709 701 1762 of
739 1710 907 1762 infinite
949 1709 1148 1762 intensity
1189 1709 1335 1749 ccwaz'ts
1382 1708 1487 1748 those
1522 1708 1609 1747 who

342 1777 481 1829 iquore
505 1777 570 1817 the
593 1781 685 1817 true
713 1777 808 1818 God.

293 1875 348 1915 Et
374 1879 517 1915 tamen
548 1874 834 1915 admonentur
871 1874 1065 1915 homines
1107 1873 1452 1914 doctissimorum
1487 1872 1610 1913 libris

209 1947 252 1983 et
276 1942 537 1983 carminibus
562 1947 785 1996 poetarum
811 1942 929 1983 illius
954 1942 1068 1996 ignei
1093 1941 1282 1982 fluminis
1307 1946 1350 1981 et
1375 1940 1426 1981 de
1461 1939 1610 1994 Stygia

210 2009 366 2063 palude
424 2009 594 2062 saepius
658 2009 886 2050 ambientis
952 2009 1126 2057 ardoris,
1185 2022 1293 2062 quae
1352 2007 1611 2048 cruciatibus

210 2076 397 2117 aeternis
423 2082 686 2130 praeparata,
711 2082 754 2117 et
791 2076 1047 2117 daemonum
1080 2075 1251 2116 indiciis
1285 2081 1328 2116 et
1353 2075 1404 2115 de
1430 2074 1610 2115 oraculis

213 2143 519 2197 prophetarum
552 2144 733 2198 cognita,
772 2143 1053 2184 tradiderunt.
1143 2143 1197 2182 Et
1238 2142 1333 2183 ideo
1380 2142 1494 2195 apud
1542 2155 1612 2182 eos

212 2211 343 2251 etiam
390 2211 480 2264 ipse
518 2224 592 2251 rex
633 2211 831 2264 Iuppiter
868 2224 942 2264 per
982 2215 1192 2251 torrentes
1239 2209 1351 2262 ripas
1393 2215 1435 2250 et
1477 2214 1612 2249 atram

213 2278 458 2332 voraginem
499 2277 615 2318 iurat
656 2278 875 2332 religiose:
933 2277 1190 2318 destinatam
1237 2277 1353 2317 enim
1394 2275 1475 2316 sibi
1515 2289 1612 2316 cum

215 2345 303 2386 suis
349 2345 586 2386 cultoribus
633 2358 814 2398 poenam
872 2345 1088 2398 praescius
1138 2343 1428 2398 perhorrescit.
1521 2342 1613 2382 Nec

216 2412 442 2453 tormentis
478 2417 554 2453 aut
589 2412 740 2453 modus
776 2412 891 2453 ullus
929 2417 1003 2453 aut
1034 2412 1255 2453 terminus.
1322 2410 1420 2451 Illic
1445 2409 1613 2464 sapiens
