1704 2704
80 1497 98 1530 Nl

147 103 169 142 6
181 101 203 141 6
691 97 989 140 OCTAVIUS

141 224 326 259 sensum,
364 209 507 250 oculos
543 209 728 262 denique
763 208 876 262 ipsos
912 221 997 247 non
1035 207 1199 248 habere.
1273 207 1385 257 Quid
1422 206 1538 247 enim

141 282 282 332 potest
318 291 407 318 esse
444 282 531 317 tam
567 281 777 330 apertum,
819 281 907 316 tam
943 276 1183 315 confessum
1224 280 1397 328 tamque
1444 287 1537 327 per-

141 345 349 398 spicuum,
374 358 471 385 curn
508 344 650 384 oculos
686 343 731 383 in
757 343 920 384 caelum
957 341 1182 383 sustuleris
1216 350 1259 382 et
1295 355 1403 395 quae
1436 345 1539 382 sunt

141 413 253 453 infra
295 413 489 465 circaque
536 411 799 459 lustraveris,
845 423 973 463 quam
1021 423 1110 450 esse
1156 409 1329 463 aliquod
1377 422 1534 449 numen

141 480 532 533 praestantissimae.
575 478 745 527 mentis,
787 491 871 531 quo
918 477 1058 517 omnis
1100 483 1254 517 natura
1294 476 1538 530 inspiretur,

141 553 373 595 moveatur,
389 547 540 593 alatur,
558 546 847 599 gubernetur?
909 544 1084 585 Caelum
1103 544 1243 597 ipsum
1263 543 1385 584 vide:
1410 557 1540 596 quam

140 615 225 655 late
262 614 466 661 tenditur,
493 627 620 667 quam
657 612 801 666 rapide
826 612 1027 659 volvitur,
1052 611 1119 652 vel
1146 611 1258 665 quod
1295 611 1339 650 in
1369 615 1538 651 noctem

141 682 266 723 astris
292 681 583 736 distinguitur,
609 680 675 721 vel
709 679 821 733 quod
858 679 904 719 in
936 679 1049 719 diem
1075 678 1161 719 sole
1182 679 1416 719 lustratur:
1452 678 1537 718 iam

142 750 260 797 scies,
285 762 414 802 quam
444 749 501 789 sit
537 748 581 787 in
617 761 665 788 eo
690 747 847 788 summi
879 746 1157 786 moderatoris
1191 746 1298 786 mira
1324 751 1366 787 et
1391 745 1537 786 divina

141 816 323 857 libratio.
408 815 519 856 Vide
567 819 610 855 et
653 828 825 863 annum,
864 818 913 854 ut
954 813 1054 854 solis
1096 813 1284 854 ambitus
1320 812 1460 861 faciat,
1496 818 1539 853 et

142 897 330 924 mensem
367 883 475 931 vide,
507 886 555 922 ut
595 882 698 922 luna
737 886 876 930 auctu,
914 881 1043 929 senio,
1080 880 1223 922 labore
1265 880 1535 935 circumagat.

143 951 255 1000 Quid
289 950 560 991 tenebrarum
598 954 641 990 et
676 949 852 989 luminis
885 948 1023 988 dicam
1047 953 1314 988 recursantes
1339 948 1464 996 vices,
1490 952 1538 988 ut

141 1019 197 1059 sit
216 1018 337 1058 nobis
357 1018 495 1071 operis
515 1022 557 1058 et
576 1017 732 1070 quietis
751 1017 916 1056 alterna
936 1015 1145 1069 reparatio
1166 1017 1180 1055 .?
1241 1015 1539 1068 Relinquenda

144 1099 240 1126 vero
279 1085 503 1139 astrologis
542 1084 747 1138 prolixior
788 1083 839 1124 de
879 1083 1088 1123 sideribus
1130 1083 1277 1132 oratio,
1316 1082 1385 1123 vel
1423 1082 1536 1136 quod

141 1158 291 1208 regant
327 1166 499 1193 cursum
536 1151 776 1205 navigandi,
814 1151 882 1192 vel
919 1150 1031 1204 quod
1074 1150 1221 1191 arandi
1263 1149 1537 1203 metendique

141 1225 310 1274 tempus
334 1220 552 1260 inducant.
624 1218 741 1268 Quae
767 1218 935 1272 singula
960 1231 1045 1257 non
1070 1218 1194 1258 modo
1214 1222 1263 1258 ut
1282 1221 1537 1267 crearentur,

141 1288 305 1336 fierent,
330 1287 669 1341 disponerentur,
689 1286 846 1326 summi
872 1285 1032 1339 opificis
1057 1290 1100 1326 et
1125 1286 1335 1338 perfectae
1360 1285 1537 1325 rationis

141 1361 363 1409 eguerunt,
403 1368 550 1394 verum
593 1354 722 1394 etiarn
771 1353 930 1401 sentiri,
968 1352 1162 1406 perspici,
1204 1351 1397 1406 intellegi
1445 1352 1536 1392 sine

141 1436 307 1463 summa
332 1421 521 1462 sollertia
542 1426 585 1462 et
610 1421 774 1462 ratione
801 1434 885 1460 non
911 1424 1100 1473 possunt.

227 1489 351 1539 Quid,
376 1503 472 1530 cum
498 1488 600 1529 ordo
626 1493 866 1542 temporum
891 1501 939 1528 ac
965 1487 1135 1541 frugum
1160 1486 1305 1528 stabili
1331 1487 1537 1527 varietate

139 1557 432 1611 distinguitur,
467 1570 608 1596 nonne
644 1560 859 1596 auctorem
895 1568 1020 1595 suum
1058 1559 1365 1608 parentemque
1407 1558 1535 1595 testa-

139 1630 210 1664 tur
251 1638 325 1665 ver
365 1637 497 1677 aeque
538 1637 636 1664 cum
677 1623 765 1663 suis
813 1622 988 1662 fioribus
1030 1627 1072 1662 et
1118 1627 1256 1662 aestas
1305 1635 1401 1662 cum
1448 1621 1536 1662 suis

138 1692 346 1732 messibus
375 1697 418 1732 et
445 1691 642 1731 autumni
678 1690 902 1730 maturitas
937 1693 1056 1743 grata
1088 1693 1131 1729 et
1163 1689 1339 1729 hiberna
1368 1688 1537 1730 olivitas

138 1759 406 1800 necessaria?
490 1757 573 1807 Qui
611 1757 711 1798 ordo
749 1757 874 1797 facile
922 1756 1178 1804 turbaretur,
1220 1756 1303 1796 nisi
1350 1756 1536 1796 maxima

137 1827 302 1867 ratione
362 1826 623 1866 consisteret.
719 1824 811 1864 Iam
864 1823 1159 1878 providentiae
1223 1828 1421 1877 quantae,
1482 1837 1535 1863 ne

139 1894 305 1947 hiemps
335 1893 423 1934 sola
455 1892 589 1946 glacie
619 1896 761 1932 ureret
789 1895 865 1932 aut
897 1890 985 1932 sola
1011 1896 1146 1931 aestas
1171 1890 1317 1931 ardore
1345 1895 1536 1939 torreret,

139 1960 337 2002 autumni
362 1965 404 2001 et
428 1960 538 2000 veris
559 1959 744 2000 inserere
763 1958 951 1999 medium
971 1964 1370 2011 temperamentum,
1386 1964 1434 1998 ut
1461 1971 1536 2010 per

139 2028 319 2083 vestigia
351 2041 427 2068 sua
459 2027 560 2068 anni
592 2026 847 2067 revertentis
881 2025 1038 2066 occulti
1068 2030 1110 2066 et
1139 2025 1304 2066 innoxii
1328 2025 1536 2065 transitus

138 2096 392 2136 laberentur.

224 2163 339 2202 Mari
386 2161 589 2202 intende:
659 2160 750 2215 lege
809 2160 945 2200 litoris
1003 2159 1256 2214 stringitur,
1325 2158 1536 2212 quidquid

140 2230 339 2270 arborum
376 2234 440 2269 est
475 2228 601 2268 vide:
643 2241 770 2280 quam
808 2241 829 2268 e
866 2232 1001 2268 terrae
1033 2226 1267 2267 visceribus
1297 2226 1536 2277 animatur3

140 2297 281 2350 aspice
306 2309 536 2337 oceanum:
572 2295 713 2335 refluit
739 2295 961 2348 reciprocis
995 2294 1180 2334 aestibus
1200 2308 1209 2343 3
1245 2293 1343 2334 vide
1367 2293 1506 2333 fontes
1528 2309 1535 2333 :

142 2370 318 2404 manant
343 2363 464 2404 venis
490 2361 773 2415 perennibus;
810 2361 961 2402 fluvios
997 2361 1194 2402 intuere:
1231 2365 1335 2402 eunt
1370 2373 1535 2414 semper

141 2431 338 2472 exercitis
364 2430 564 2485 lapsibus.
