1704 2704
668 120 966 162 OCTAVIUS
1455 116 1510 155 51

120 229 338 271 arboribus
374 229 609 275 incurrunt,
639 228 730 268 sine
766 227 926 267 dilectu
963 230 1147 280 tangunt
1188 224 1280 264 loca
1320 236 1437 263 sacra
1473 229 1516 262 et

122 297 309 350 profana,
334 296 527 337 homines
552 294 701 335 noxios
726 294 886 334 feriunt
911 298 953 333 et
978 284 1103 346 saepe
1128 291 1353 345 religiosos.
1403 289 1514 338 Quid

123 368 398 417 tempestates
422 363 572 416 loquar
590 362 730 402 varias
756 365 798 401 et
823 361 1018 408 incertas,
1043 359 1198 412 quibus
1223 357 1342 398 nullo
1368 356 1516 397 ordine

122 430 190 472 vel
222 430 417 471 examine
443 443 585 470 rerum
610 428 800 469 omnium
836 428 1022 481 impetus
1057 425 1307 466 volutatur?
1343 424 1388 463 in
1413 437 1516 463 nau-

121 497 264 552 fragiis
290 498 496 538 bonorum
521 496 814 549 malorumque
849 495 937 535 fata
962 494 1108 541 mixta,
1133 492 1286 532 merita
1310 491 1514 532 confusa?

121 565 166 605 in
191 564 398 605 incendiis
417 564 639 604 interitum
656 561 883 603 convenire
898 561 1133 602 insontium
1154 558 1484 611 nocentiumque
1503 560 1516 597 ἲ

121 636 164 673 et
202 645 298 673 cum
339 632 437 672 tabe
472 630 673 685 pestifera
716 629 821 670 caeli
860 633 1022 669 tractus
1064 627 1264 671 inficitur,
1304 625 1395 666 sine
1433 624 1516 665 dis-

121 699 297 740 crimine
332 712 477 739 omnes
514 698 737 751 deperire?
773 701 816 736 et
852 710 948 736 cum
990 695 1092 736 belli
1132 694 1279 734 ardore
1318 692 1516 739 saevitur,

123 766 317 807 meliores
335 766 479 819 potius
504 764 782 805 occumbere?
854 764 906 803 In
942 776 1044 816 pace
1081 761 1210 802 etiam
1235 774 1320 800 non
1345 763 1515 800 tantum

121 839 328 887 aequatur
352 832 543 886 nequitia
566 831 822 879 melioribus,
842 830 915 871 sed
940 835 983 870 et
1008 829 1172 877 colitur,
1193 834 1241 868 ut
1260 828 1304 867 in
1324 827 1517 880 pluribus

122 900 296 947 nescias,
321 905 467 941 utrum
492 899 548 940 sit
571 913 718 939 eorum
755 897 1005 939 detestanda
1038 896 1228 950 pravitas
1253 909 1307 935 an
1332 894 1518 947 optanda

123 968 313 1008 felicitas.
385 966 508 1016 Quod
550 966 586 1006 si
621 965 807 1005 mundus
847 965 992 1004 divina
1034 962 1304 1018 providentia
1351 966 1393 1001 et
1440 961 1516 1001 ali-

124 1035 245 1075 cuius
270 1034 460 1074 numinis
485 1033 740 1074 auctoritate
777 1036 1001 1085 regeretur,
1026 1044 1260 1084 numquam
1286 1033 1518 1069 mereretur

123 1101 316 1142 Phalaris
358 1105 400 1141 et
445 1100 680 1155 Dionysius
727 1113 915 1153 regnum,
954 1111 1188 1152 numquam
1237 1096 1427 1137 Rutilius
1475 1101 1518 1136 et

125 1168 332 1210 Camillus
367 1168 577 1216 exsilium,
614 1181 848 1220 numquam
886 1166 1076 1206 Socrates
1113 1177 1338 1206 venenum.
1410 1163 1518 1203 Ecce

122 1237 295 1277 arbusta
335 1236 550 1290 frugifera,
591 1248 684 1275 ecce
724 1236 808 1275 iam
855 1247 971 1287 seges
1004 1246 1119 1280 cana,
1159 1232 1243 1272 iam
1281 1231 1519 1272 temulenta

122 1303 336 1344 vindemia
372 1303 497 1343 imbri
526 1301 825 1355 corrumpitur,
861 1300 1066 1355 grandine
1101 1299 1304 1340 caeditur.
1398 1298 1518 1338 Adeo

122 1375 199 1412 aut
238 1371 404 1411 incerta
442 1369 563 1410 nobis
604 1370 763 1409 veritas
803 1367 1040 1408 occultatur
1086 1372 1128 1408 et
1165 1366 1385 1420 premitur,
1433 1369 1518 1413 aut,

123 1437 235 1491 quod
273 1437 406 1491 magis
454 1436 709 1478 credendum
750 1443 825 1483 est,
867 1435 998 1475 variis
1045 1439 1088 1475 et
1134 1433 1308 1474 lubricis
1351 1433 1518 1473 casibus

124 1505 263 1546 soluta
298 1505 462 1559 legibus
498 1504 669 1544 fortuna
705 1502 959 1543 dominatur.

637 1705 911 1745 (JHAPTER
947 1705 1011 1744 Vl

124 1807 180 1846 In
203 1821 229 1846 a
254 1811 403 1846 matter
426 1820 467 1845 30
494 1806 710 1846 usuram-taini
735 1806 769 1845 ‘it
804 1806 841 1844 is
865 1805 982 1845 better
1006 1810 1043 1843 fo
1068 1805 1216 1843 miliare
1241 1809 1278 1843 [0
1303 1804 1519 1844 tradition.

263 1874 343 1913 The
374 1877 580 1926 qreatness
615 1873 665 1925 of
694 1873 818 1912 Rome
851 1886 989 1925 proves
1024 1872 1087 1910 thr
1131 1876 1336 1923 [sy-vatum
1372 1871 1421 1923 (ff
1451 1871 1522 1910 laer

257 1941 359 1991 qods.

209 2040 317 2079 Cum
342 2040 472 2093 igitur
497 2044 571 2079 aut
604 2040 773 2079 fortuna
812 2044 928 2079 certa
964 2045 1037 2078 aut
1073 2038 1233 2078 incerta
1271 2045 1423 2078 natura
1452 2037 1519 2085 sit,

125 2110 285 2159 quanto
301 2106 584 2147 venerabilius
604 2120 651 2146 ac
672 2105 824 2146 melius
841 2105 1081 2146 antistitem
1099 2105 1294 2145 veritatis
1312 2105 1519 2144 maiorum

125 2173 317 2227 excipere
341 2173 623 2227 disciplinam,
649 2173 871 2225 religiones
897 2172 1077 2212 traditas
1102 2172 1250 2220 colere,
1277 2172 1388 2220 deos,
1413 2185 1519 2225 quos

126 2253 150 2279 a
184 2240 432 2293 parentibus
465 2245 564 2281 ante
596 2240 786 2280 imbutus
812 2254 856 2280 es
888 2240 1036 2279 timere
1073 2253 1201 2292 quam
1238 2253 1360 2280 nosse
1396 2239 1517 2279 fami-

126 2306 285 2355 liarius,
311 2307 494 2356 adorare,
520 2321 595 2348 nec
631 2307 681 2347 de
716 2307 964 2347 numinibus
1003 2307 1110 2347 ferre
1147 2307 1420 2355 sententiam,
1445 2307 1514 2346 sed

125 2373 337 2426 prioribus
361 2374 541 2423 credere,
563 2375 635 2427 qui
661 2374 799 2414 adhuc
825 2374 919 2414 rudi
946 2374 1114 2413 saeculo
1140 2374 1183 2413 in
1211 2374 1343 2427 ipsius
1370 2373 1516 2413 mundi

128 2441 338 2481 natalibus
375 2447 623 2483 meruerunt
658 2442 758 2481 deos
785 2442 850 2480 vel
895 2441 1040 2481 faciles
1077 2441 1231 2481 habere
1271 2441 1335 2481 vel
1374 2443 1520 2494 reges!

1560 298 1599 329 lO

1561 767 1597 796 11

1561 967 1600 995 12

1563 1169 1601 1198 13
