1704 2704
659 94 958 136 OCTAVIUS
1448 90 1505 130 93

109 205 246 258 ipsam
292 203 477 245 animam
520 208 652 252 tuam,
692 216 776 256 qua
822 201 1053 242 vivificaris
1101 205 1144 240 et
1192 198 1389 252 loqueris,
1432 211 1509 238 nec

111 271 297 325 aspicere
322 271 456 325 possis
481 284 560 311 nec
584 274 730 311 tenere
750 272 764 310 2

198 338 279 379 Sed
321 338 435 379 enim
474 337 577 378 deus
615 342 757 378 actum
799 335 984 376 hominis
1025 334 1193 388 ignorat
1231 337 1274 374 et
1310 332 1354 372 in
1393 331 1509 372 caelo

113 405 371 446 constitutus
410 419 496 445 non
538 409 679 458 potest
720 408 795 444 aut
842 416 988 443 omnes
1031 401 1148 442 obire
1197 404 1272 440 aut
1319 398 1508 452 singulos

113 486 246 513 nosse.
330 472 469 520 Erras,
509 485 532 512 0
580 471 718 519 homo,
760 475 803 511 et
849 469 1035 510 falleris:
1088 467 1202 508 unde
1244 467 1357 508 enim
1406 465 1509 506 deus

113 540 237 593 longe
263 543 339 588 est,
364 552 462 579 cum
488 539 629 579 omnia
654 537 850 579 caelestia
876 541 1132 589 terrenaque
1167 538 1210 575 et
1245 547 1353 587 quae
1390 537 1511 574 extra

114 607 242 648 istam
279 606 392 647 orbis
427 605 693 660 provinciam
734 610 846 653 sunt,
889 604 966 644 deo
1008 602 1187 656 cognita,
1229 601 1357 655 plena
1392 600 1512 640 sint?

116 674 288 727 Ubique
313 687 399 714 non
425 677 595 714 tantum
620 672 740 713 nobis
765 671 994 726 proximus,
1019 669 1093 711 sed
1117 669 1285 710 infusus
1310 674 1385 708 est.
1459 668 1511 707 In

113 740 245 782 solem
292 740 396 781 adeo
437 754 584 780 rursus
632 739 832 780 intende:
890 737 1005 779 caelo
1053 736 1230 784 adfixus,
1273 735 1346 776 sed
1390 734 1512 775 terris

116 808 312 849 omnibus
338 821 508 861 sparsus
534 812 624 848 est:
658 807 818 860 pariter
837 818 1037 860 praesens
1065 804 1222 857 ubique
1257 802 1436 843 interest
1471 806 1514 842 et

115 875 319 916 miscetur
376 874 586 927 omnibus,
637 887 848 928 nusquam
896 873 986 913 eius
1045 870 1254 912 claritudo
1312 869 1509 910 violatur.

119 942 287 991 Quanto
312 941 445 995 magis
471 941 574 982 deus
594 946 740 982 auctor
764 940 955 980 omnium
980 953 1028 980 ac
1052 938 1294 992 speculator
1311 936 1514 985 omnium,

115 1023 140 1050 a
180 1023 263 1062 quo
307 1009 473 1049 nullum
515 1013 655 1062 potest
693 1021 783 1049 esse
830 1012 1050 1055 secretum,
1092 1005 1279 1046 tenebris
1325 1004 1514 1051 interest,

116 1077 296 1118 interest
336 1075 668 1130 cogitationibus
715 1075 886 1126 nostris,
933 1074 1054 1128 quasi
1112 1072 1255 1113 alteris
1302 1066 1516 1113 tenebris!

118 1144 217 1184 Non
252 1148 422 1184 tantum
458 1143 537 1183 sub
566 1142 641 1183 illo
678 1143 853 1196 agimus,
878 1141 951 1183 sed
977 1146 1019 1182 et
1055 1154 1150 1181 cum
1188 1140 1274 1187 illo,
1299 1144 1348 1179 ut
1384 1151 1515 1191 prope

119 1210 311 1259 dixerim,
336 1210 533 1251 vivimus.

554 1407 826 1449 CHAPTER
876 1405 1083 1446 XXXIII

124 1507 207 1547 The
243 1506 367 1546 whole
401 1505 532 1545 world
566 1505 603 1544 is
642 1505 792 1557 merely
827 1518 897 1544 one
933 1503 1150 1544 household
1184 1503 1233 1542 in
1270 1500 1387 1542 God’s
1413 1501 1520 1555 sigyht

255 1573 351 1625 (10.
380 1572 437 1626 5).
518 1572 651 1612 While
686 1572 750 1612 the
786 1571 892 1612 (Τεΐη-8
927 1570 1067 1624 obegsed
1108 1570 1172 1610 the
1213 1569 1311 1608 lates
1349 1570 1399 1622 of
1434 1568 1521 1608 God

255 1641 347 1693 they
370 1653 469 1680 were
503 1639 715 1692 successful
747 1639 794 1679 tn
824 1653 944 1691 peace
969 1638 1055 1678 and
1090 1651 1179 1677 war
1203 1636 1298 1687 (10.
1326 1636 1384 1688 4).
1455 1636 1521 1676 He

245 1708 426 1760 foretold
462 1707 570 1746 their
607 1707 854 1747 destruction
894 1707 939 1759 if
981 1706 1071 1759 they
1098 1703 1298 1758 persis-tect
1344 1704 1392 1743 in
1438 1704 1520 1743 dis-

255 1775 465 1815 obedience.

206 1873 296 1914 Nec
336 1872 457 1913 nobis
492 1871 543 1913 de
579 1876 726 1913 nostra
768 1871 1010 1925 frequentia
1052 1869 1347 1911 blandiamur:
1397 1868 1524 1909 multi

125 1940 247 1981 nobis
277 1939 481 1988 videmur,
524 1939 597 1980 scd
640 1939 717 1979 deo
759 1938 987 1978 admodum
1035 1938 1160 1991 pauci
1196 1950 1354 1978 sumus.
1433 1936 1524 1977 Nos

125 2012 272 2061 gentes
314 2007 594 2059 nationesque
632 2005 962 2059 distinguimus:
1012 2004 1090 2045 deo
1132 2018 1218 2045 una
1259 2004 1410 2045 domus
1459 2009 1525 2045 est

126 2073 311 2115 mundus
349 2073 419 2114 hic
460 2078 586 2114 totus.
658 2073 792 2127 Reges
831 2077 974 2113 tamen
1014 2072 1132 2126 regni
1169 2072 1235 2112 sui
1275 2085 1348 2126 per
1389 2071 1526 2112 officia

126 2141 420 2182 ministrorum
456 2141 653 2181 universa
689 2144 927 2181 noverunt:
977 2139 1054 2180 deo
1091 2139 1260 2179 indiciis
1297 2152 1402 2193 opus
1440 2152 1526 2178 non

127 2214 214 2249 est:
250 2222 336 2248 non
361 2208 499 2249 solum
524 2208 569 2247 in
594 2207 728 2248 oculis
753 2207 854 2256 eius,
879 2206 951 2248 sed
976 2207 1021 2246 in
1046 2207 1144 2247 sinu
1169 2206 1366 2246 vivimus.

208 2274 290 2316 Sed
330 2275 500 2316 Iudaeis
530 2274 638 2314 nihil
673 2274 845 2328 profuit,
881 2274 994 2327 quod
1031 2287 1165 2314 unum
1204 2279 1247 2314 et
1281 2273 1364 2326 ipsi
1400 2272 1527 2312 deum

129 2342 212 2383 aris
264 2348 394 2395 atque
453 2341 627 2394 templis
685 2342 873 2382 maxima
930 2341 1235 2395 superstitione
1294 2340 1526 2380 coluerunt.

130 2409 378 2462 Ignorantia
423 2408 589 2458 laberis,
630 2408 667 2449 si
714 2408 906 2462 priorum
942 2414 1017 2449 aut
1064 2407 1224 2449 oblitus
1260 2413 1335 2448 aut
1369 2407 1529 2448 inscius

1552 341 1570 373 *ἲ
