1704 2704
634 115 937 157 OCTAVIUS
1423 117 1447 156 9
1458 116 1482 156 9

89 227 311 266 roboratur
352 231 394 266 et
435 225 653 266 calamitas
695 225 863 279 saepius
910 224 1136 278 disciplina
1176 225 1350 266 virtutis
1397 230 1487 266 est:

89 293 201 334 vires
226 292 409 346 denique
433 298 476 333 et
500 292 656 333 mentis
692 297 733 333 et
769 291 956 346 corporis
986 291 1076 332 sine
1101 291 1256 332 laboris
1281 292 1485 333 exercita-

90 361 207 401 tione
233 364 491 413 torpescunt.
565 359 721 400 Omnes
748 359 850 400 adeo
877 359 1008 399 vestri
1032 359 1114 399 viri
1143 359 1285 408 fortes,
1310 373 1416 413 quos
1440 359 1486 400 in

91 427 334 481 exemplum
375 426 643 480 praedicatis,
678 426 892 466 aerumnis
928 426 1015 466 suis
1051 426 1205 480 inclyti
1241 426 1485 467 floruerunt.

93 495 246 548 Itaque
293 500 336 534 et
385 494 507 534 nobis
562 493 665 534 deus
709 507 785 534 nec
828 507 914 533 non
955 497 1097 547 potest
1138 493 1367 534 subvenire
1409 507 1487 534 nec
1529 508 1547 537 9

91 561 284 615 despicit,
322 574 418 601 cum
458 561 514 602 sit
553 565 596 601 et
628 560 819 601 omnium
852 565 990 601 rector
1021 565 1064 601 et
1102 565 1268 601 amator
1305 574 1490 610 suorum,

90 629 163 670 sed
198 629 243 668 in
280 628 468 669 adversis
500 641 849 681 unumquemque
873 627 1066 681 explorat
1095 632 1137 668 et
1172 628 1400 676 examinat,
1424 628 1489 668 in-

90 696 263 751 genium
287 695 551 750 singulorum
575 695 779 749 periculis
799 695 998 748 pensitat,
1018 708 1152 748 usque
1176 695 1229 735 ad
1254 699 1489 736 extremam

92 767 275 804 mortem
300 763 567 803 voluntatem
603 762 788 803 hominis
824 762 1078 811 sciscitatur,
1104 762 1215 802 nihil
1250 762 1332 803 sibi
1367 776 1489 816 posse

92 830 228 884 perire
252 843 435 870 securus.
507 829 661 883 Itaque
698 834 746 870 ut
782 843 934 870 aurum
971 829 1152 884 ignibus,
1188 829 1248 871 sic
1290 843 1366 870 nos
1404 829 1488 871 dis-

93 897 341 938 criminibus
366 896 595 951 arguimur.

525 1169 798 1211 CHAPTER
836 1170 1061 1211 XXXVII

95 1264 136 1331 §§
167 1271 256 1311 1-6.
303 1269 427 1310 What
448 1284 475 1310 a
492 1269 602 1310 noble
616 1270 757 1323 fi9n7'e
772 1271 808 1310 is
827 1270 917 1310 that
937 1271 987 1324 of
999 1271 1064 1310 the
1084 1271 1302 1311 Christian
1317 1271 1493 1325 battlz'nq

228 1338 277 1378 in
301 1338 365 1378 the
389 1351 504 1377 cazcse
528 1338 578 1391 of
597 1337 684 1377 God
700 1339 718 1376 J
789 1337 1008 1378 Christian
1033 1338 1124 1391 boys
1154 1339 1241 1378 and
1260 1339 1366 1391 girls
1394 1339 1494 1379 have

228 1404 411 1457 eqnalled
443 1405 529 1445 and
564 1405 782 1458 surpassed
823 1404 888 1444 the
917 1405 1072 1445 bravest
1106 1405 1222 1445 deeds
1254 1406 1302 1458 of
1329 1406 1495 1446 Roman

229 1472 372 1513 heroes.

182 1571 319 1621 Quam
357 1571 585 1625 pulchrum
627 1571 919 1624 spectaculum
960 1571 1049 1621 deo,
1091 1585 1186 1612 cum
1225 1571 1494 1613 Christianus
1536 1585 1553 1616 1

97 1653 195 1680 cum
219 1638 363 1679 dolore
388 1638 669 1692 congreditur,
688 1652 784 1678 cum
810 1638 1034 1679 adversum
1061 1639 1197 1680 minas
1218 1644 1261 1680 et
1285 1639 1496 1693 supplicia

98 1710 140 1747 et
159 1710 371 1747 tormenta
390 1706 669 1759 componitur,
689 1719 787 1746 cum
803 1706 1030 1759 strepitum
1049 1706 1199 1746 mortis
1220 1711 1263 1747 et
1278 1706 1495 1748 horrorem

98 1773 308 1814 carnificis
333 1772 516 1813 irridens
542 1773 740 1820 inculcat,
767 1787 863 1813 cum
889 1773 1132 1814 libertatem
1152 1787 1272 1814 suam
1292 1774 1495 1815 adversus

98 1854 216 1895 reges
253 1845 296 1881 et
331 1841 544 1894 principes
580 1840 717 1894 erigit,
743 1840 822 1880 soli
858 1840 947 1888 deo,
973 1840 1093 1881 cuius
1127 1845 1204 1889 est,
1237 1841 1362 1889 cedit,
1398 1855 1495 1882 cum

100 1907 384 1961 triumphator
421 1913 463 1947 et
494 1912 629 1947 victor
667 1907 760 1961 ipsi,
789 1907 864 1961 qui
901 1907 1126 1948 adversum
1159 1922 1203 1949 se
1236 1909 1497 1950 sententiam
1545 1951 1548 1957 ,

102 1975 222 2023 dixit,
247 1975 438 2015 insultat.
509 1974 627 2014 Vicit
652 1974 765 2014 enim
791 1975 875 2028 qui,
890 1974 1014 2028 quod
1039 1975 1272 2024 contendit,
1298 1975 1498 2018 obtinuit.

103 2042 207 2092 Quis
232 2055 317 2082 non
342 2041 464 2082 miles
489 2041 568 2081 sub
593 2041 725 2082 oculis
750 2041 1018 2094 imperatoris
1039 2042 1241 2083 audacius
1261 2042 1497 2096 periculum
1539 2055 1559 2085 2

102 2111 333 2163 provocet?
403 2109 541 2149 Nemo
577 2108 691 2149 enim
727 2109 962 2161 praemium
995 2110 1174 2163 percipit
1207 2115 1306 2151 ante
1335 2110 1498 2163 experi-

103 2181 307 2217 mentum.
378 2175 434 2216 Et
457 2175 686 2229 imperator
711 2181 854 2216 tamen
879 2176 991 2229 quod
1017 2190 1101 2216 non
1127 2177 1267 2226 habet,
1290 2191 1375 2217 non
1402 2177 1500 2218 dat:

104 2257 188 2284 non
224 2247 367 2297 potest
402 2256 633 2296 propagare
669 2243 813 2291 vitam,
846 2248 985 2296 potest
1026 2243 1247 2285 honestare
1286 2244 1498 2285 militiam.

104 2310 165 2350 At
201 2310 314 2351 enim
344 2310 411 2351 dei
448 2310 569 2350 miles
612 2323 688 2350 nec
730 2310 775 2350 in
812 2310 955 2351 dolore
997 2310 1204 2351 deseritur
1246 2325 1321 2352 nec
1363 2319 1498 2353 morte
1540 2323 1558 2353 3

105 2377 264 2418 finitur.
336 2377 404 2418 Sic
430 2377 697 2418 Christianus
732 2377 859 2418 miser
894 2377 1028 2418 videri
1064 2382 1216 2432 potest,
1241 2393 1325 2419 non
1358 2384 1500 2433 potest

106 2443 299 2485 inveniri.
369 2444 458 2486 Vos
483 2444 564 2498 ipsi
589 2443 856 2486 calamitosos
881 2445 995 2486 viros
1020 2445 1142 2486 fertis
1167 2445 1220 2486 ad
1252 2446 1429 2495 caelum,
1452 2451 1499 2488 nt
