<?xml version="1.0" encoding="UTF-8"?>
<!DOCTYPE html PUBLIC "-//W3C//DTD XHTML 1.0 Transitional//EN"
    "http://www.w3.org/TR/xhtml1/DTD/xhtml1-transitional.dtd">
<html xmlns="http://www.w3.org/1999/xhtml" xml:lang="en" lang="en">
 <head>
  <title>
</title>
<meta http-equiv="Content-Type" content="text/html;charset=utf-8" />
  <meta name='ocr-system' content='tesseract 3.04.00' />
  <meta name='ocr-capabilities' content='ocr_page ocr_carea ocr_par ocr_line ocrx_word'/>
</head>
<body>
  <div class='ocr_page' id='page_1' title='image "./octaviusfahy00minu_0118.png"; bbox 0 0 1704 2704; ppageno 0'>
   <div class='ocr_carea' id='block_1_1' title="bbox 134 2235 151 2267">
    <p class='ocr_par' dir='ltr' id='par_1_1' title="bbox 134 2235 151 2267">
     <span class='ocr_line' id='line_1_1' title="bbox 134 2235 151 2267; textangle 90"><span class='ocrx_word' id='word_1_1' title='bbox 134 2235 151 2267; x_wconf 47' lang='lat' dir='ltr'>Nl</span> 
     </span>
    </p>
   </div>
   <div class='ocr_carea' id='block_1_2' title="bbox 190 101 1036 146">
    <p class='ocr_par' dir='ltr' id='par_1_2' title="bbox 190 101 1036 146">
     <span class='ocr_line' id='line_1_2' title="bbox 190 101 1036 146; baseline 0.006 -5"><span class='ocrx_word' id='word_1_2' title='bbox 190 101 212 140; x_wconf 84' lang='lat'>1</span> <span class='ocrx_word' id='word_1_3' title='bbox 223 101 246 141; x_wconf 92' lang='grc' dir='ltr'><strong>Ο</strong></span> <span class='ocrx_word' id='word_1_4' title='bbox 257 102 281 142; x_wconf 85' lang='grc'>2</span> <span class='ocrx_word' id='word_1_5' title='bbox 738 103 1036 146; x_wconf 85' lang='lat' dir='ltr'>OCTAVIUS</span> 
     </span>
    </p>
   </div>
   <div class='ocr_carea' id='block_1_3' title="bbox 182 211 1590 1064">
    <p class='ocr_par' dir='ltr' id='par_1_3' title="bbox 183 211 1589 402">
     <span class='ocr_line' id='line_1_3' title="bbox 183 211 1589 270; baseline 0.004 -18"><span class='ocrx_word' id='word_1_6' title='bbox 183 224 232 252; x_wconf 90' lang='lat' dir='ltr'>ac</span> <span class='ocrx_word' id='word_1_7' title='bbox 257 211 409 253; x_wconf 83' lang='lat' dir='ltr'>solutis</span> <span class='ocrx_word' id='word_1_8' title='bbox 439 216 482 254; x_wconf 88' lang='lat' dir='ltr'>et</span> <span class='ocrx_word' id='word_1_9' title='bbox 511 212 634 254; x_wconf 88' lang='lat' dir='ltr'>sertis</span> <span class='ocrx_word' id='word_1_10' title='bbox 665 213 774 255; x_wconf 88' lang='lat' dir='ltr'>colla</span> <span class='ocrx_word' id='word_1_11' title='bbox 807 214 1139 268; x_wconf 68' lang='lat' dir='ltr'>complectimur.</span> <span class='ocrx_word' id='word_1_12' title='bbox 1179 216 1289 257; x_wconf 85' lang='lat' dir='ltr'>Sane</span> <span class='ocrx_word' id='word_1_13' title='bbox 1319 217 1431 270; x_wconf 92' lang='lat' dir='ltr'>quod</span> <span class='ocrx_word' id='word_1_14' title='bbox 1459 222 1589 270; x_wconf 91' lang='lat' dir='ltr'>caput</span> 
     </span>
     <span class='ocr_line' id='line_1_4' title="bbox 183 281 1588 334; baseline 0.004 -15"><span class='ocrx_word' id='word_1_15' title='bbox 183 292 269 319; x_wconf 90' lang='lat' dir='ltr'>non</span> <span class='ocrx_word' id='word_1_16' title='bbox 309 293 571 329; x_wconf 82' lang='lat' dir='ltr'>coronamus,</span> <span class='ocrx_word' id='word_1_17' title='bbox 608 281 841 334; x_wconf 84' lang='lat' dir='ltr'>ignoscite:</span> <span class='ocrx_word' id='word_1_18' title='bbox 889 296 1036 323; x_wconf 88' lang='lat' dir='ltr'>auram</span> <span class='ocrx_word' id='word_1_19' title='bbox 1080 283 1233 324; x_wconf 78' lang='lat' dir='ltr'>bonam</span> <span class='ocrx_word' id='word_1_20' title='bbox 1256 284 1371 324; x_wconf 91' lang='lat' dir='ltr'>floris</span> <span class='ocrx_word' id='word_1_21' title='bbox 1413 285 1588 326; x_wconf 88' lang='lat' dir='ltr'>naribus</span> 
     </span>
     <span class='ocr_line' id='line_1_5' title="bbox 184 345 1335 402; baseline 0.004 -16"><span class='ocrx_word' id='word_1_22' title='bbox 184 345 348 396; x_wconf 90' lang='lat' dir='ltr'>ducere,</span> <span class='ocrx_word' id='word_1_23' title='bbox 373 362 459 388; x_wconf 91' lang='lat' dir='ltr'>non</span> <span class='ocrx_word' id='word_1_24' title='bbox 484 348 682 402; x_wconf 87' lang='lat' dir='ltr'>occipitio</span> <span class='ocrx_word' id='word_1_25' title='bbox 708 349 929 402; x_wconf 82' lang='lat' dir='ltr'>capillisve</span> <span class='ocrx_word' id='word_1_26' title='bbox 952 350 1134 391; x_wconf 77' lang='lat' dir='ltr'>solemus</span> <span class='ocrx_word' id='word_1_27' title='bbox 1159 350 1335 392; x_wconf 87' lang='lat' dir='ltr'>haurire.</span> 
     </span>
    </p>

    <p class='ocr_par' dir='ltr' id='par_1_4' title="bbox 182 414 1590 1064">
     <span class='ocr_line' id='line_1_6' title="bbox 265 414 1589 472; baseline 0.003 -17"><span class='ocrx_word' id='word_1_28' title='bbox 265 414 357 455; x_wconf 90' lang='lat' dir='ltr'>Nec</span> <span class='ocrx_word' id='word_1_29' title='bbox 382 420 574 456; x_wconf 88' lang='lat' dir='ltr'>mortuos</span> <span class='ocrx_word' id='word_1_30' title='bbox 600 430 861 458; x_wconf 85' lang='lat' dir='ltr'>coronamus.</span> <span class='ocrx_word' id='word_1_31' title='bbox 898 417 987 472; x_wconf 82' lang='lat' dir='ltr'>Ego</span> <span class='ocrx_word' id='word_1_32' title='bbox 1013 431 1088 458; x_wconf 90' lang='lat' dir='ltr'>vos</span> <span class='ocrx_word' id='word_1_33' title='bbox 1113 418 1158 458; x_wconf 90' lang='lat' dir='ltr'>in</span> <span class='ocrx_word' id='word_1_34' title='bbox 1187 418 1266 459; x_wconf 91' lang='lat' dir='ltr'>hoc</span> <span class='ocrx_word' id='word_1_35' title='bbox 1291 418 1424 472; x_wconf 84' lang='lat' dir='ltr'>magis</span> <span class='ocrx_word' id='word_1_36' title='bbox 1448 419 1589 468; x_wconf 90' lang='lat' dir='ltr'>miror,</span> 
     </span>
     <span class='ocr_line' id='line_1_7' title="bbox 183 481 1589 534; baseline 0.004 -13"><span class='ocrx_word' id='word_1_37' title='bbox 183 481 543 534; x_wconf 82' lang='lat' dir='ltr'>quemadmodum</span> <span class='ocrx_word' id='word_1_38' title='bbox 570 483 770 524; x_wconf 89' lang='lat' dir='ltr'>tribuatis</span> <span class='ocrx_word' id='word_1_39' title='bbox 801 485 989 525; x_wconf 84' lang='lat' dir='ltr'>exanimi</span> <span class='ocrx_word' id='word_1_40' title='bbox 1018 490 1094 525; x_wconf 87' lang='lat' dir='ltr'>aut</span> <span class='ocrx_word' id='word_1_41' title='bbox 1122 486 1327 527; x_wconf 73' lang='lat' dir='ltr'>sentienti</span> <span class='ocrx_word' id='word_1_42' title='bbox 1353 486 1489 527; x_wconf 84' lang='lat' dir='ltr'>facem</span> <span class='ocrx_word' id='word_1_43' title='bbox 1514 492 1589 527; x_wconf 87' lang='lat' dir='ltr'>aut</span> 
     </span>
     <span class='ocr_line' id='line_1_8' title="bbox 182 550 1589 606; baseline 0.004 -18"><span class='ocrx_word' id='word_1_44' title='bbox 182 561 268 588; x_wconf 92' lang='lat' dir='ltr'>non</span> <span class='ocrx_word' id='word_1_45' title='bbox 293 550 500 591; x_wconf 86' lang='lat' dir='ltr'>sentienti</span> <span class='ocrx_word' id='word_1_46' title='bbox 525 564 735 600; x_wconf 88' lang='lat' dir='ltr'>coronam,</span> <span class='ocrx_word' id='word_1_47' title='bbox 761 564 857 591; x_wconf 86' lang='lat' dir='ltr'>cum</span> <span class='ocrx_word' id='word_1_48' title='bbox 882 557 925 592; x_wconf 91' lang='lat' dir='ltr'>et</span> <span class='ocrx_word' id='word_1_49' title='bbox 951 552 1101 593; x_wconf 86' lang='lat' dir='ltr'>beatus</span> <span class='ocrx_word' id='word_1_50' title='bbox 1131 567 1216 593; x_wconf 89' lang='lat' dir='ltr'>non</span> <span class='ocrx_word' id='word_1_51' title='bbox 1245 558 1367 606; x_wconf 82' lang='lat' dir='ltr'>egeat</span> <span class='ocrx_word' id='word_1_52' title='bbox 1391 558 1435 594; x_wconf 89' lang='lat' dir='ltr'>et</span> <span class='ocrx_word' id='word_1_53' title='bbox 1460 554 1589 595; x_wconf 89' lang='lat' dir='ltr'>miser</span> 
     </span>
     <span class='ocr_line' id='line_1_9' title="bbox 183 617 1588 674; baseline 0.005 -19"><span class='ocrx_word' id='word_1_54' title='bbox 183 629 268 655; x_wconf 89' lang='lat' dir='ltr'>non</span> <span class='ocrx_word' id='word_1_55' title='bbox 293 617 478 671; x_wconf 78' lang='lat' dir='ltr'>gaudeat</span> <span class='ocrx_word' id='word_1_56' title='bbox 497 617 682 659; x_wconf 88' lang='lat' dir='ltr'>fioribus.</span> <span class='ocrx_word' id='word_1_57' title='bbox 754 619 815 659; x_wconf 88' lang='lat' dir='ltr'>At</span> <span class='ocrx_word' id='word_1_58' title='bbox 840 619 954 659; x_wconf 88' lang='lat' dir='ltr'>enim</span> <span class='ocrx_word' id='word_1_59' title='bbox 980 633 1056 661; x_wconf 91' lang='lat' dir='ltr'>nos</span> <span class='ocrx_word' id='word_1_60' title='bbox 1082 620 1306 674; x_wconf 79' lang='lat' dir='ltr'>exsequias</span> <span class='ocrx_word' id='word_1_61' title='bbox 1331 621 1588 662; x_wconf 81' lang='lat' dir='ltr'>adornamus</span> 
     </span>
     <span class='ocr_line' id='line_1_10' title="bbox 183 683 1589 740; baseline 0.004 -16"><span class='ocrx_word' id='word_1_62' title='bbox 183 683 331 724; x_wconf 85' lang='lat' dir='ltr'>eadem</span> <span class='ocrx_word' id='word_1_63' title='bbox 368 685 685 738; x_wconf 81' lang='lat' dir='ltr'>tranquillitate</span> <span class='ocrx_word' id='word_1_64' title='bbox 722 700 806 740; x_wconf 87' lang='lat' dir='ltr'>qua</span> <span class='ocrx_word' id='word_1_65' title='bbox 838 687 1037 736; x_wconf 88' lang='lat' dir='ltr'>vivimus,</span> <span class='ocrx_word' id='word_1_66' title='bbox 1067 701 1144 728; x_wconf 91' lang='lat' dir='ltr'>nec</span> <span class='ocrx_word' id='word_1_67' title='bbox 1178 688 1445 729; x_wconf 87' lang='lat' dir='ltr'>adnectimus</span> <span class='ocrx_word' id='word_1_68' title='bbox 1478 702 1589 730; x_wconf 88' lang='lat' dir='ltr'>ares—</span> 
     </span>
     <span class='ocr_line' id='line_1_11' title="bbox 182 752 1589 801; baseline 0.004 -11"><span class='ocrx_word' id='word_1_69' title='bbox 182 756 349 791; x_wconf 89' lang='lat' dir='ltr'>centem</span> <span class='ocrx_word' id='word_1_70' title='bbox 391 765 600 801; x_wconf 88' lang='lat' dir='ltr'>coronam,</span> <span class='ocrx_word' id='word_1_71' title='bbox 643 752 716 793; x_wconf 89' lang='lat' dir='ltr'>sed</span> <span class='ocrx_word' id='word_1_72' title='bbox 759 767 782 793; x_wconf 87' lang='lat' dir='ltr'>a</span> <span class='ocrx_word' id='word_1_73' title='bbox 830 753 908 794; x_wconf 91' lang='lat' dir='ltr'>deo</span> <span class='ocrx_word' id='word_1_74' title='bbox 955 755 1140 796; x_wconf 89' lang='lat' dir='ltr'>aeternis</span> <span class='ocrx_word' id='word_1_75' title='bbox 1183 755 1358 796; x_wconf 88' lang='lat' dir='ltr'>floribus</span> <span class='ocrx_word' id='word_1_76' title='bbox 1399 755 1589 797; x_wconf 86' lang='lat' dir='ltr'>vividam</span> 
     </span>
     <span class='ocr_line' id='line_1_12' title="bbox 182 818 1590 874; baseline 0.004 -16"><span class='ocrx_word' id='word_1_77' title='bbox 182 818 470 860; x_wconf 89' lang='lat' dir='ltr'>sustinemus:</span> <span class='ocrx_word' id='word_1_78' title='bbox 506 821 653 874; x_wconf 84' lang='lat' dir='ltr'>quieti,</span> <span class='ocrx_word' id='word_1_79' title='bbox 678 821 872 870; x_wconf 88' lang='lat' dir='ltr'>modesti,</span> <span class='ocrx_word' id='word_1_80' title='bbox 898 821 966 862; x_wconf 86' lang='lat' dir='ltr'>dei</span> <span class='ocrx_word' id='word_1_81' title='bbox 990 823 1127 863; x_wconf 85' lang='lat' dir='ltr'>nostri</span> <span class='ocrx_word' id='word_1_82' title='bbox 1157 822 1414 864; x_wconf 81' lang='lat' dir='ltr'>liberalitate</span> <span class='ocrx_word' id='word_1_83' title='bbox 1440 824 1590 873; x_wconf 88' lang='lat' dir='ltr'>securi,</span> 
     </span>
     <span class='ocr_line' id='line_1_13' title="bbox 182 887 1589 943; baseline 0.005 -18"><span class='ocrx_word' id='word_1_84' title='bbox 182 898 302 938; x_wconf 89' lang='lat' dir='ltr'>spem</span> <span class='ocrx_word' id='word_1_85' title='bbox 344 887 515 928; x_wconf 84' lang='lat' dir='ltr'>futurae</span> <span class='ocrx_word' id='word_1_86' title='bbox 558 888 776 929; x_wconf 88' lang='lat' dir='ltr'>felicitatis</span> <span class='ocrx_word' id='word_1_87' title='bbox 819 888 900 930; x_wconf 93' lang='lat' dir='ltr'>fide</span> <span class='ocrx_word' id='word_1_88' title='bbox 942 890 1178 943; x_wconf 86' lang='lat' dir='ltr'>praesentis</span> <span class='ocrx_word' id='word_1_89' title='bbox 1219 891 1310 932; x_wconf 89' lang='lat' dir='ltr'>eius</span> <span class='ocrx_word' id='word_1_90' title='bbox 1352 891 1589 932; x_wconf 85' lang='lat' dir='ltr'>maiestatis</span> 
     </span>
     <span class='ocr_line' id='line_1_14' title="bbox 182 953 1589 1012; baseline 0.004 -19"><span class='ocrx_word' id='word_1_91' title='bbox 182 953 430 995; x_wconf 79' lang='lat' dir='ltr'>animamus.</span> <span class='ocrx_word' id='word_1_92' title='bbox 480 954 549 995; x_wconf 85' lang='lat' dir='ltr'>Sic</span> <span class='ocrx_word' id='word_1_93' title='bbox 581 960 625 996; x_wconf 91' lang='lat' dir='ltr'>et</span> <span class='ocrx_word' id='word_1_94' title='bbox 656 955 769 996; x_wconf 89' lang='lat' dir='ltr'>beati</span> <span class='ocrx_word' id='word_1_95' title='bbox 805 957 1065 1011; x_wconf 83' lang='lat' dir='ltr'>resurgimus</span> <span class='ocrx_word' id='word_1_96' title='bbox 1095 962 1139 998; x_wconf 80' lang='lat' dir='ltr'>et</span> <span class='ocrx_word' id='word_1_97' title='bbox 1163 958 1299 999; x_wconf 87' lang='lat' dir='ltr'>futuri</span> <span class='ocrx_word' id='word_1_98' title='bbox 1328 958 1589 1012; x_wconf 89' lang='lat' dir='ltr'>contempla-</span> 
     </span>
     <span class='ocr_line' id='line_1_15' title="bbox 183 1020 632 1064; baseline 0.009 -4"><span class='ocrx_word' id='word_1_99' title='bbox 183 1020 299 1062; x_wconf 88' lang='lat' dir='ltr'>tione</span> <span class='ocrx_word' id='word_1_100' title='bbox 324 1022 409 1062; x_wconf 88' lang='lat' dir='ltr'>iam</span> <span class='ocrx_word' id='word_1_101' title='bbox 434 1022 632 1064; x_wconf 89' lang='lat' dir='ltr'>vivimus.</span> 
     </span>
    </p>
   </div>
   <div class='ocr_carea' id='block_1_4' title="bbox 185 1181 1590 1314">
    <p class='ocr_par' dir='ltr' id='par_1_5' title="bbox 185 1181 1590 1314">
     <span class='ocr_line' id='line_1_16' title="bbox 185 1181 1589 1249; baseline 0.002 -19"><span class='ocrx_word' id='word_1_102' title='bbox 185 1181 227 1249; x_wconf 63' lang='grc' dir='ltr'>ἓξ</span> <span class='ocrx_word' id='word_1_103' title='bbox 257 1185 348 1243; x_wconf 81' lang='grc'><strong>5-7.</strong></span> <span class='ocrx_word' id='word_1_104' title='bbox 389 1190 626 1231; x_wconf 65' lang='lat' dir='ltr'>Christianus</span> <span class='ocrx_word' id='word_1_105' title='bbox 660 1191 710 1231; x_wconf 78' lang='lat' dir='ltr'>do</span> <span class='ocrx_word' id='word_1_106' title='bbox 742 1196 858 1243; x_wconf 69' lang='lat' dir='ltr'>yreat</span> <span class='ocrx_word' id='word_1_107' title='bbox 895 1192 1044 1246; x_wconf 69' lang='lat' dir='ltr'>thiozys,</span> <span class='ocrx_word' id='word_1_108' title='bbox 1080 1198 1149 1233; x_wconf 67' lang='lat' dir='ltr'>not</span> <span class='ocrx_word' id='word_1_109' title='bbox 1190 1193 1338 1246; x_wconf 75' lang='lat' dir='ltr'>merely</span> <span class='ocrx_word' id='word_1_110' title='bbox 1373 1206 1446 1247; x_wconf 69' lang='lat' dir='ltr'>say</span> <span class='ocrx_word' id='word_1_111' title='bbox 1482 1193 1589 1233; x_wconf 80' lang='lat' dir='ltr'>them</span> 
     </span>
     <span class='ocr_line' id='line_1_17' title="bbox 319 1258 1590 1314; baseline 0.002 -17"><span class='ocrx_word' id='word_1_112' title='bbox 319 1258 399 1298; x_wconf 73' lang='lat' dir='ltr'>like</span> <span class='ocrx_word' id='word_1_113' title='bbox 440 1258 504 1298; x_wconf 84' lang='lat' dir='ltr'>the</span> <span class='ocrx_word' id='word_1_114' title='bbox 540 1259 832 1311; x_wconf 64' lang='lat' dir='ltr'>philosopham.</span> <span class='ocrx_word' id='word_1_115' title='bbox 909 1259 1019 1313; x_wconf 69' lang='lat' dir='ltr'>They</span> <span class='ocrx_word' id='word_1_116' title='bbox 1053 1260 1154 1300; x_wconf 76' lang='lat' dir='ltr'>have</span> <span class='ocrx_word' id='word_1_117' title='bbox 1195 1274 1338 1300; x_wconf 68' lang='lat' dir='ltr'>reason</span> <span class='ocrx_word' id='word_1_118' title='bbox 1373 1265 1411 1300; x_wconf 90' lang='lat' dir='ltr'>to</span> <span class='ocrx_word' id='word_1_119' title='bbox 1451 1261 1590 1314; x_wconf 76' lang='lat' dir='ltr'>rejoiee</span> 
     </span>
    </p>
   </div>
   <div class='ocr_carea' id='block_1_5' title="bbox 319 1325 1591 1434">
    <p class='ocr_par' dir='ltr' id='par_1_6' title="bbox 319 1325 1591 1434">
     <span class='ocr_line' id='line_1_18' title="bbox 320 1325 1591 1381; baseline 0.003 -17"><span class='ocrx_word' id='word_1_120' title='bbox 320 1329 392 1374; x_wconf 89' lang='lat' dir='ltr'>too,</span> <span class='ocrx_word' id='word_1_121' title='bbox 413 1325 505 1365; x_wconf 82' lang='lat' dir='ltr'>that</span> <span class='ocrx_word' id='word_1_122' title='bbox 538 1326 630 1379; x_wconf 70' lang='lat' dir='ltr'>they</span> <span class='ocrx_word' id='word_1_123' title='bbox 653 1326 754 1366; x_wconf 81' lang='lat' dir='ltr'>have</span> <span class='ocrx_word' id='word_1_124' title='bbox 786 1327 1014 1367; x_wconf 69' lang='lat' dir='ltr'>discovered</span> <span class='ocrx_word' id='word_1_125' title='bbox 1038 1328 1104 1368; x_wconf 86' lang='lat' dir='ltr'>the</span> <span class='ocrx_word' id='word_1_126' title='bbox 1131 1328 1247 1368; x_wconf 72' lang='lat' dir='ltr'>truth</span> <span class='ocrx_word' id='word_1_127' title='bbox 1261 1328 1338 1381; x_wconf 72' lang='lat' dir='ltr'>for</span> <span class='ocrx_word' id='word_1_128' title='bbox 1361 1328 1495 1368; x_wconf 69' lang='lat' dir='ltr'>which</span> <span class='ocrx_word' id='word_1_129' title='bbox 1527 1328 1591 1368; x_wconf 87' lang='lat' dir='ltr'>the</span> 
     </span>
     <span class='ocr_line' id='line_1_19' title="bbox 319 1392 873 1434; baseline 0.004 -2"><span class='ocrx_word' id='word_1_130' title='bbox 319 1392 450 1433; x_wconf 71' lang='lat' dir='ltr'>others</span> <span class='ocrx_word' id='word_1_131' title='bbox 474 1393 667 1433; x_wconf 72' lang='lat' dir='ltr'>laboured</span> <span class='ocrx_word' id='word_1_132' title='bbox 691 1394 739 1433; x_wconf 71' lang='lat' dir='ltr'>‘in</span> <span class='ocrx_word' id='word_1_133' title='bbox 763 1395 873 1434; x_wconf 78' lang='lat' dir='ltr'>vain.</span> 
     </span>
    </p>
   </div>
   <div class='ocr_carea' id='block_1_6' title="bbox 186 1493 1598 2492">
    <p class='ocr_par' dir='ltr' id='par_1_7' title="bbox 186 1493 1595 2220">
     <span class='ocr_line' id='line_1_20' title="bbox 271 1493 1592 1544; baseline 0.003 -12"><span class='ocrx_word' id='word_1_134' title='bbox 271 1493 454 1535; x_wconf 87' lang='lat' dir='ltr'>Proinde</span> <span class='ocrx_word' id='word_1_135' title='bbox 487 1494 681 1535; x_wconf 84' lang='lat' dir='ltr'>Socrates</span> <span class='ocrx_word' id='word_1_136' title='bbox 714 1509 858 1536; x_wconf 86' lang='lat' dir='ltr'>scurra</span> <span class='ocrx_word' id='word_1_137' title='bbox 883 1495 1056 1536; x_wconf 83' lang='lat' dir='ltr'>Atticus</span> <span class='ocrx_word' id='word_1_138' title='bbox 1082 1495 1247 1544; x_wconf 88' lang='lat' dir='ltr'>viderit,</span> <span class='ocrx_word' id='word_1_139' title='bbox 1272 1495 1383 1535; x_wconf 91' lang='lat' dir='ltr'>nihil</span> <span class='ocrx_word' id='word_1_140' title='bbox 1413 1509 1457 1536; x_wconf 86' lang='lat' dir='ltr'>se</span> <span class='ocrx_word' id='word_1_141' title='bbox 1486 1495 1592 1536; x_wconf 89' lang='lat' dir='ltr'>scire</span> 
     </span>
     <span class='ocr_line' id='line_1_21' title="bbox 187 1560 1593 1617; baseline 0.002 -17"><span class='ocrx_word' id='word_1_142' title='bbox 187 1560 415 1610; x_wconf 56' lang='lat' dir='ltr'>confessus</span> <span class='ocrx_word' id='word_1_143' title='bbox 441 1561 687 1602; x_wconf 87' lang='lat' dir='ltr'>testimonio</span> <span class='ocrx_word' id='word_1_144' title='bbox 713 1562 815 1603; x_wconf 87' lang='lat' dir='ltr'>licet</span> <span class='ocrx_word' id='word_1_145' title='bbox 838 1562 1103 1603; x_wconf 84' lang='lat' dir='ltr'>fallacissimi</span> <span class='ocrx_word' id='word_1_146' title='bbox 1130 1563 1347 1604; x_wconf 91' lang='lat' dir='ltr'>daemonis</span> <span class='ocrx_word' id='word_1_147' title='bbox 1371 1562 1593 1617; x_wconf 83' lang='lat' dir='ltr'>gloriosus,</span> 
     </span>
     <span class='ocr_line' id='line_1_22' title="bbox 186 1628 1592 1684; baseline 0.002 -17"><span class='ocrx_word' id='word_1_148' title='bbox 186 1628 404 1669; x_wconf 87' lang='lat' dir='ltr'>Arcesilas</span> <span class='ocrx_word' id='word_1_149' title='bbox 453 1642 621 1683; x_wconf 89' lang='lat' dir='ltr'>quoque</span> <span class='ocrx_word' id='word_1_150' title='bbox 669 1634 712 1670; x_wconf 91' lang='lat' dir='ltr'>et</span> <span class='ocrx_word' id='word_1_151' title='bbox 760 1630 998 1670; x_wconf 82' lang='lat' dir='ltr'>Carneades</span> <span class='ocrx_word' id='word_1_152' title='bbox 1052 1635 1094 1671; x_wconf 89' lang='lat' dir='ltr'>et</span> <span class='ocrx_word' id='word_1_153' title='bbox 1146 1630 1312 1684; x_wconf 82' lang='lat' dir='ltr'>Pyrrho</span> <span class='ocrx_word' id='word_1_154' title='bbox 1365 1635 1407 1671; x_wconf 91' lang='lat' dir='ltr'>et</span> <span class='ocrx_word' id='word_1_155' title='bbox 1454 1630 1592 1671; x_wconf 90' lang='lat' dir='ltr'>omnis</span> 
     </span>
     <span class='ocr_line' id='line_1_23' title="bbox 187 1695 1592 1746; baseline 0.001 -11"><span class='ocrx_word' id='word_1_156' title='bbox 187 1695 543 1737; x_wconf 89' lang='lat' dir='ltr'>Academicorum</span> <span class='ocrx_word' id='word_1_157' title='bbox 580 1697 814 1738; x_wconf 89' lang='lat' dir='ltr'>multitudo</span> <span class='ocrx_word' id='word_1_158' title='bbox 849 1697 1067 1746; x_wconf 87' lang='lat' dir='ltr'>deliberet,</span> <span class='ocrx_word' id='word_1_159' title='bbox 1105 1697 1345 1738; x_wconf 84' lang='lat' dir='ltr'>Simonides</span> <span class='ocrx_word' id='word_1_160' title='bbox 1380 1698 1511 1739; x_wconf 87' lang='lat' dir='ltr'>etiam</span> <span class='ocrx_word' id='word_1_161' title='bbox 1547 1698 1592 1738; x_wconf 90' lang='lat' dir='ltr'>in</span> 
     </span>
     <span class='ocr_line' id='line_1_24' title="bbox 188 1765 1592 1819; baseline 0.002 -17"><span class='ocrx_word' id='word_1_162' title='bbox 188 1768 443 1816; x_wconf 87' lang='lat' dir='ltr'>perpetuum</span> <span class='ocrx_word' id='word_1_163' title='bbox 469 1765 831 1818; x_wconf 80' lang='lat' dir='ltr'>comperendinet:</span> <span class='ocrx_word' id='word_1_164' title='bbox 869 1765 1217 1818; x_wconf 88' lang='lat' dir='ltr'>philosophorum</span> <span class='ocrx_word' id='word_1_165' title='bbox 1243 1765 1469 1819; x_wconf 88' lang='lat' dir='ltr'>supercilia</span> <span class='ocrx_word' id='word_1_166' title='bbox 1493 1779 1592 1806; x_wconf 88' lang='lat' dir='ltr'>con-</span> 
     </span>
     <span class='ocr_line' id='line_1_25' title="bbox 189 1830 1594 1886; baseline 0.002 -16"><span class='ocrx_word' id='word_1_167' title='bbox 189 1830 434 1880; x_wconf 87' lang='lat' dir='ltr'>temnimus,</span> <span class='ocrx_word' id='word_1_168' title='bbox 482 1845 588 1884; x_wconf 90' lang='lat' dir='ltr'>quos</span> <span class='ocrx_word' id='word_1_169' title='bbox 637 1837 903 1886; x_wconf 85' lang='lat' dir='ltr'>corruptores</span> <span class='ocrx_word' id='word_1_170' title='bbox 951 1838 994 1873; x_wconf 86' lang='lat' dir='ltr'>et</span> <span class='ocrx_word' id='word_1_171' title='bbox 1041 1832 1258 1873; x_wconf 89' lang='lat' dir='ltr'>adulteros</span> <span class='ocrx_word' id='word_1_172' title='bbox 1306 1833 1504 1873; x_wconf 88' lang='lat' dir='ltr'>novimus</span> <span class='ocrx_word' id='word_1_173' title='bbox 1551 1836 1594 1873; x_wconf 90' lang='lat' dir='ltr'>et</span> 
     </span>
     <span class='ocr_line' id='line_1_26' title="bbox 189 1899 1594 1953; baseline 0.002 -16"><span class='ocrx_word' id='word_1_174' title='bbox 189 1902 396 1950; x_wconf 89' lang='lat' dir='ltr'>tyrannos</span> <span class='ocrx_word' id='word_1_175' title='bbox 439 1903 482 1939; x_wconf 91' lang='lat' dir='ltr'>et</span> <span class='ocrx_word' id='word_1_176' title='bbox 523 1912 690 1953; x_wconf 89' lang='lat' dir='ltr'>semper</span> <span class='ocrx_word' id='word_1_177' title='bbox 730 1900 933 1940; x_wconf 86' lang='lat' dir='ltr'>adversus</span> <span class='ocrx_word' id='word_1_178' title='bbox 970 1913 1046 1940; x_wconf 86' lang='lat' dir='ltr'>sua</span> <span class='ocrx_word' id='word_1_179' title='bbox 1082 1899 1189 1940; x_wconf 87' lang='lat' dir='ltr'>vitia</span> <span class='ocrx_word' id='word_1_180' title='bbox 1230 1899 1445 1941; x_wconf 87' lang='lat' dir='ltr'>facundos.</span> <span class='ocrx_word' id='word_1_181' title='bbox 1504 1899 1594 1940; x_wconf 89' lang='lat' dir='ltr'>Nos</span> 
     </span>
     <span class='ocr_line' id='line_1_27' title="bbox 192 1965 1593 2021; baseline 0.002 -17"><span class='ocrx_word' id='word_1_182' title='bbox 192 1978 277 2004; x_wconf 89' lang='lat' dir='ltr'>non</span> <span class='ocrx_word' id='word_1_183' title='bbox 308 1965 458 2006; x_wconf 87' lang='lat' dir='ltr'>habitu</span> <span class='ocrx_word' id='word_1_184' title='bbox 492 1967 748 2020; x_wconf 87' lang='lat' dir='ltr'>sapientiam</span> <span class='ocrx_word' id='word_1_185' title='bbox 785 1967 859 2007; x_wconf 85' lang='lat' dir='ltr'>sed</span> <span class='ocrx_word' id='word_1_186' title='bbox 888 1972 1031 2008; x_wconf 89' lang='lat' dir='ltr'>mente</span> <span class='ocrx_word' id='word_1_187' title='bbox 1061 1967 1351 2021; x_wconf 82' lang='lat' dir='ltr'>praeferimus,</span> <span class='ocrx_word' id='word_1_188' title='bbox 1384 1981 1469 2007; x_wconf 91' lang='lat' dir='ltr'>non</span> <span class='ocrx_word' id='word_1_189' title='bbox 1508 1967 1593 2007; x_wconf 90' lang='lat' dir='ltr'>elo-</span> 
     </span>
     <span class='ocr_line' id='line_1_28' title="bbox 193 2032 1594 2088; baseline 0.002 -17"><span class='ocrx_word' id='word_1_190' title='bbox 193 2032 365 2085; x_wconf 88' lang='lat' dir='ltr'>quimur</span> <span class='ocrx_word' id='word_1_191' title='bbox 411 2046 564 2086; x_wconf 86' lang='lat' dir='ltr'>magna</span> <span class='ocrx_word' id='word_1_192' title='bbox 612 2034 685 2075; x_wconf 89' lang='lat' dir='ltr'>sed</span> <span class='ocrx_word' id='word_1_193' title='bbox 721 2034 920 2083; x_wconf 89' lang='lat' dir='ltr'>vivimus,</span> <span class='ocrx_word' id='word_1_194' title='bbox 955 2034 1186 2088; x_wconf 84' lang='lat' dir='ltr'>gloriamur</span> <span class='ocrx_word' id='word_1_195' title='bbox 1232 2048 1308 2075; x_wconf 90' lang='lat' dir='ltr'>nos</span> <span class='ocrx_word' id='word_1_196' title='bbox 1345 2039 1594 2075; x_wconf 87' lang='lat' dir='ltr'>consecutos</span> 
     </span>
     <span class='ocr_line' id='line_1_29' title="bbox 193 2099 1595 2156; baseline 0.001 -17"><span class='ocrx_word' id='word_1_197' title='bbox 193 2099 306 2152; x_wconf 90' lang='lat' dir='ltr'>quod</span> <span class='ocrx_word' id='word_1_198' title='bbox 342 2099 407 2140; x_wconf 90' lang='lat' dir='ltr'>illi</span> <span class='ocrx_word' id='word_1_199' title='bbox 444 2113 611 2141; x_wconf 89' lang='lat' dir='ltr'>summa</span> <span class='ocrx_word' id='word_1_200' title='bbox 651 2101 892 2142; x_wconf 89' lang='lat' dir='ltr'>intentione</span> <span class='ocrx_word' id='word_1_201' title='bbox 935 2102 1242 2156; x_wconf 83' lang='lat' dir='ltr'>quaesiverunt</span> <span class='ocrx_word' id='word_1_202' title='bbox 1284 2115 1360 2142; x_wconf 90' lang='lat' dir='ltr'>nec</span> <span class='ocrx_word' id='word_1_203' title='bbox 1400 2101 1595 2142; x_wconf 89' lang='lat' dir='ltr'>invenire</span> 
     </span>
     <span class='ocr_line' id='line_1_30' title="bbox 193 2171 437 2220; baseline 0.008 -14"><span class='ocrx_word' id='word_1_204' title='bbox 193 2171 437 2220; x_wconf 85' lang='lat' dir='ltr'>potuerunt.</span> 
     </span>
    </p>

    <p class='ocr_par' dir='ltr' id='par_1_8' title="bbox 195 2233 1598 2492">
     <span class='ocr_line' id='line_1_31' title="bbox 279 2233 1596 2290; baseline 0.001 -16"><span class='ocrx_word' id='word_1_205' title='bbox 279 2233 393 2283; x_wconf 81' lang='lat' dir='ltr'>Quid</span> <span class='ocrx_word' id='word_1_206' title='bbox 422 2234 583 2289; x_wconf 82' lang='lat' dir='ltr'>ingrati</span> <span class='ocrx_word' id='word_1_207' title='bbox 615 2249 774 2285; x_wconf 85' lang='lat' dir='ltr'>sumus,</span> <span class='ocrx_word' id='word_1_208' title='bbox 799 2235 903 2290; x_wconf 89' lang='lat' dir='ltr'>quid</span> <span class='ocrx_word' id='word_1_209' title='bbox 937 2235 1057 2276; x_wconf 90' lang='lat' dir='ltr'>nobis</span> <span class='ocrx_word' id='word_1_210' title='bbox 1091 2235 1340 2285; x_wconf 84' lang='lat' dir='ltr'>invidemus,</span> <span class='ocrx_word' id='word_1_211' title='bbox 1372 2235 1408 2276; x_wconf 87' lang='lat' dir='ltr'>si</span> <span class='ocrx_word' id='word_1_212' title='bbox 1438 2236 1596 2276; x_wconf 83' lang='lat' dir='ltr'>veritas</span> 
     </span>
     <span class='ocr_line' id='line_1_32' title="bbox 195 2300 1597 2356; baseline 0.001 -16"><span class='ocrx_word' id='word_1_213' title='bbox 195 2300 435 2342; x_wconf 88' lang='lat' dir='ltr'>divinitatis</span> <span class='ocrx_word' id='word_1_214' title='bbox 478 2303 611 2343; x_wconf 89' lang='lat' dir='ltr'>nostri</span> <span class='ocrx_word' id='word_1_215' title='bbox 658 2303 862 2356; x_wconf 87' lang='lat' dir='ltr'>temporis</span> <span class='ocrx_word' id='word_1_216' title='bbox 910 2308 1050 2344; x_wconf 82' lang='lat' dir='ltr'>aetate</span> <span class='ocrx_word' id='word_1_217' title='bbox 1092 2303 1332 2344; x_wconf 76' lang='lat' dir='ltr'>maturuit?</span> <span class='ocrx_word' id='word_1_218' title='bbox 1386 2303 1597 2343; x_wconf 87' lang='lat' dir='ltr'>Fruamur</span> 
     </span>
     <span class='ocr_line' id='line_1_33' title="bbox 195 2368 1598 2423; baseline 0.002 -16"><span class='ocrx_word' id='word_1_219' title='bbox 195 2368 305 2408; x_wconf 91' lang='lat' dir='ltr'>bono</span> <span class='ocrx_word' id='word_1_220' title='bbox 330 2374 475 2409; x_wconf 88' lang='lat' dir='ltr'>nostro</span> <span class='ocrx_word' id='word_1_221' title='bbox 500 2376 542 2410; x_wconf 92' lang='lat' dir='ltr'>et</span> <span class='ocrx_word' id='word_1_222' title='bbox 570 2370 675 2410; x_wconf 89' lang='lat' dir='ltr'>recti</span> <span class='ocrx_word' id='word_1_223' title='bbox 707 2370 966 2410; x_wconf 83' lang='lat' dir='ltr'>sententiam</span> <span class='ocrx_word' id='word_1_224' title='bbox 1000 2375 1312 2423; x_wconf 88' lang='lat' dir='ltr'>temperemus:</span> <span class='ocrx_word' id='word_1_225' title='bbox 1348 2369 1598 2410; x_wconf 86' lang='lat' dir='ltr'>cohibeatur</span> 
     </span>
     <span class='ocr_line' id='line_1_34' title="bbox 195 2435 1513 2492; baseline 0.002 -17"><span class='ocrx_word' id='word_1_226' title='bbox 195 2436 452 2488; x_wconf 84' lang='lat' dir='ltr'>superstitio,</span> <span class='ocrx_word' id='word_1_227' title='bbox 479 2435 677 2490; x_wconf 86' lang='lat' dir='ltr'>impietas</span> <span class='ocrx_word' id='word_1_228' title='bbox 705 2438 914 2491; x_wconf 83' lang='lat' dir='ltr'>expietur,</span> <span class='ocrx_word' id='word_1_229' title='bbox 941 2451 1042 2478; x_wconf 90' lang='lat' dir='ltr'>vera</span> <span class='ocrx_word' id='word_1_230' title='bbox 1066 2437 1213 2492; x_wconf 84' lang='lat' dir='ltr'>religio</span> <span class='ocrx_word' id='word_1_231' title='bbox 1238 2437 1513 2478; x_wconf 86' lang='lat' dir='ltr'>reservetur.&#39;&#39;</span> 
     </span>
    </p>
   </div>
  </div>
 </body>
</html>
