1704 2704
192 122 248 162 60
722 119 1037 161 OCTAVIUS

187 228 384 269 convivia
400 228 571 281 publica
595 228 755 281 absque
775 228 905 277 vobis,
927 241 1046 268 sacra
1061 227 1304 275 certamina,
1321 232 1589 280 praecerptos

188 296 304 337 cibos
329 302 371 337 et
397 296 606 336 delibatos
639 295 846 335 altaribus
883 300 1009 348 potus
1046 295 1294 335 abhorretis.
1367 294 1435 335 Sic
1461 296 1587 335 resor-

139 376 146 384 ²
188 363 361 404 midatis
387 363 486 404 deos
512 376 617 415 quos
642 363 832 416 negatis}
902 363 1000 402 Non
1033 362 1204 403 floribus
1241 368 1369 416 caput
1405 362 1588 410 nectitis,

189 445 273 471 non
322 444 472 484 corpus
521 430 720 470 odoribus
774 430 1036 470 honestatis:
1097 429 1322 470 reservatis
1371 433 1590 482 unguenta

188 499 421 547 funeribus,
470 511 645 538 coronas
695 497 823 538 etiam
881 497 1088 550 sepulcris
1147 497 1379 549 denegatis,
1428 496 1588 550 pallidi,

188 565 356 619 trepidi,
381 565 667 606 misericordia
693 564 954 619 digni—sed
980 569 1221 604 nostrorum
1259 563 1445 604 deorum.
1520 564 1587 603 Ita

188 647 265 673 nec
292 633 510 686 resurgitis
536 632 681 672 miseri
706 645 783 673 nec
808 632 982 672 interim
1008 631 1168 673 vivitis.

238 817 273 860 7.
314 820 515 872 Iynorant
547 820 695 872 pcople,
719 820 813 859 such
841 834 886 859 as
919 820 982 859 tlte
1010 819 1245 859 Clas-isaiam
1269 833 1350 867 are,
1376 819 1497 872 ozcylct
1522 823 1590 858 noc

411 892 448 927 to
472 886 739 927 mtemzeddle
763 887 864 926 with,
890 887 954 926 tha
979 887 1116 939 thmqss
1140 887 1188 939 cf
1206 887 1367 928 heaven.

189 813 208 879 effi

275 986 470 1035 Proinde,
496 987 532 1027 si
557 986 663 1040 quid
696 986 931 1040 sapientiae
958 986 1076 1026 vobis
1107 990 1181 1026 aut
1206 986 1487 1027 verecundiae
1512 989 1591 1033 est,

190 1052 370 1093 desinite
407 1053 513 1094 caeli
554 1053 699 1108 plagas
743 1058 786 1094 et
824 1054 974 1094 mundi
1016 1055 1104 1094 fata
1145 1059 1188 1094 et
1226 1058 1386 1095 secreta
1421 1053 1592 1093 rimari:

190 1121 293 1160 satis
319 1124 382 1161 est
407 1134 482 1174 pro
508 1121 688 1174 pedibus
714 1121 900 1175 aspicere
935 1121 1118 1162 maxime
1155 1120 1338 1162 indoctis
1370 1119 1590 1174 impolitis,

190 1187 366 1228 rudibus
416 1189 665 1241 agrestibus,
712 1189 867 1242 quibus
916 1202 1000 1228 non
1043 1193 1107 1229 est
1148 1188 1299 1229 datum
1340 1187 1590 1241 intellegere

189 1255 344 1303 civilia,
371 1255 508 1296 multo
534 1257 668 1310 magis
695 1256 951 1310 denegatum
979 1262 1042 1296 est
1068 1256 1271 1296 disserere
1298 1256 1455 1296 divina.

676 1511 951 1552 CHAPTER
988 1511 1105 1551 XIII

191 1612 277 1650 But
302 1611 345 1663 if
359 1611 452 1663 they
476 1625 546 1650 arc
571 1611 658 1651 beat
679 1625 731 1650 on
755 1611 869 1661 being]
895 1611 1188 1663 philosopher&
1215 1611 1265 1651 let
1299 1611 1407 1651 them
1431 1612 1593 1652 imitate

327 1678 518 1725 Socrates,
552 1678 614 1718 the
639 1678 958 1718 Academicficms
994 1679 1079 1718 (md
1115 1679 1347 1719 Simonides
1380 1679 1468 1718 wlco
1504 1692 1592 1718 σοφι-

315 1746 450 1798 fcsscd
475 1745 582 1785 their
610 1746 822 1798 iyncrancc
846 1748 894 1799 of
913 1746 1048 1798 things
1073 1746 1225 1786 divim.

279 1844 560 1898 Quamquam,
586 1844 623 1885 si
652 1843 981 1898 philosophandi
1018 1843 1150 1884 libido
1187 1850 1262 1892 est,
1289 1844 1504 1894 Socraten,
1528 1858 1592 1885 sa-

194 1911 381 1965 pientiae
400 1911 650 1965 principem,
669 1911 849 1965 quisque
866 1917 1057 1952 vestrum
1077 1916 1223 1952 tantus
1243 1916 1319 1960 est,
1339 1912 1374 1952 si
1393 1913 1595 1965 potuerit,

194 1979 397 2020 imitetur.
470 1979 573 2019 Eius
611 1978 704 2026 viri,
740 1978 938 2032 quotiens
976 1979 1027 2019 de
1064 1978 1319 2020 caelestibus
1354 1979 1594 2032 rogabatur,

195 2051 297 2087 nota
338 2046 554 2100 responsio
602 2052 691 2086 est:
728 2050 747 2065 ‘¹
765 2046 878 2099 quod
925 2059 1052 2099 snpra
1099 2060 1187 2094 nos,
1235 2046 1344 2086 nihil
1387 2046 1439 2086 ad
1481 2046 1593 2087 nos.''

196 2113 356 2154 Merito
389 2127 485 2168 ergo
522 2113 574 2154 de
611 2113 779 2153 oraculo
816 2113 1111 2154 testimonium
1147 2113 1305 2154 meruit
1342 2113 1593 2166 prudentiae

196 2180 436 2235 singularis.
510 2180 631 2229 Quod
656 2180 885 2228 oraculum,
911 2180 1025 2221 idem
1050 2181 1139 2234 ipse
1164 2181 1411 2234 praesensit,
1435 2180 1593 2221 idcirco

197 2248 409 2289 universis
428 2261 465 2288 se
485 2261 574 2288 esse
593 2248 895 2301 praepositum,
914 2261 1000 2288 non
1017 2248 1130 2301 quod
1150 2247 1292 2288 omnia
1306 2248 1594 2301 comperisset,

198 2315 270 2355 sed
295 2315 408 2368 quod
434 2315 543 2354 nihil
569 2327 612 2355 se
637 2315 741 2355 scire
761 2315 1004 2355 didicisset:
1042 2316 1101 2355 ita
1121 2314 1335 2355 confessae
1354 2315 1594 2368 imperitiae

138 2386 155 2414 ³3
198 2396 364 2422 summa
400 2381 629 2434 prudentia
665 2386 739 2423 est.
810 2381 904 2422 Hoc
939 2381 1057 2422 fonte
1093 2381 1273 2422 defluxit
1296 2381 1515 2423 Arcesilae
1550 2388 1594 2422 et

199 2449 334 2489 multo
370 2456 466 2502 post
504 2448 732 2489 Carneadis
769 2453 811 2488 et
846 2448 1199 2489 Academicorum
1231 2448 1513 2502 plurimorum
1548 2449 1593 2489 in
