<?xml version="1.0" encoding="UTF-8"?>
<!DOCTYPE html PUBLIC "-//W3C//DTD XHTML 1.0 Transitional//EN"
    "http://www.w3.org/TR/xhtml1/DTD/xhtml1-transitional.dtd">
<html xmlns="http://www.w3.org/1999/xhtml" xml:lang="en" lang="en">
 <head>
  <title>
</title>
<meta http-equiv="Content-Type" content="text/html;charset=utf-8" />
  <meta name='ocr-system' content='tesseract 3.04.00' />
  <meta name='ocr-capabilities' content='ocr_page ocr_carea ocr_par ocr_line ocrx_word'/>
</head>
<body>
  <div class='ocr_page' id='page_1' title='image "./octaviusfahy00minu_0111.png"; bbox 0 0 1704 2704; ppageno 0'>
   <div class='ocr_carea' id='block_1_1' title="bbox 635 80 1478 125">
    <p class='ocr_par' dir='ltr' id='par_1_1' title="bbox 635 80 1478 125">
     <span class='ocr_line' id='line_1_1' title="bbox 635 80 1478 125; baseline -0.005 -1"><span class='ocrx_word' id='word_1_1' title='bbox 635 82 935 124; x_wconf 82' lang='lat' dir='ltr'>OCTAVIUS</span> <span class='ocrx_word' id='word_1_2' title='bbox 976 122 979 125; x_wconf 84' lang='lat'>.</span> <span class='ocrx_word' id='word_1_3' title='bbox 1421 81 1444 120; x_wconf 87' lang='grc'>9</span> <span class='ocrx_word' id='word_1_4' title='bbox 1455 80 1478 120; x_wconf 82' lang='grc'>5</span> 
     </span>
    </p>
   </div>
   <div class='ocr_carea' id='block_1_2' title="bbox 88 189 1484 718">
    <p class='ocr_par' dir='ltr' id='par_1_2' title="bbox 88 189 1484 437">
     <span class='ocr_line' id='line_1_2' title="bbox 88 189 1484 242; baseline -0.006 -6"><span class='ocrx_word' id='word_1_5' title='bbox 88 195 359 236; x_wconf 81' lang='lat' dir='ltr'>insolubilem</span> <span class='ocrx_word' id='word_1_6' title='bbox 396 194 555 234; x_wconf 86' lang='lat' dir='ltr'>diceret</span> <span class='ocrx_word' id='word_1_7' title='bbox 595 206 684 233; x_wconf 88' lang='lat' dir='ltr'>esse</span> <span class='ocrx_word' id='word_1_8' title='bbox 728 192 994 238; x_wconf 81' lang='lat' dir='ltr'>fabricatum,</span> <span class='ocrx_word' id='word_1_9' title='bbox 1036 189 1157 230; x_wconf 81' lang='lat' dir='ltr'>addit</span> <span class='ocrx_word' id='word_1_10' title='bbox 1204 193 1359 237; x_wconf 83' lang='lat' dir='ltr'>tamen,</span> <span class='ocrx_word' id='word_1_11' title='bbox 1402 189 1484 242; x_wconf 87' lang='lat' dir='ltr'>ipsi</span> 
     </span>
     <span class='ocr_line' id='line_1_3' title="bbox 88 255 1484 304; baseline -0.006 -1"><span class='ocrx_word' id='word_1_12' title='bbox 88 262 242 304; x_wconf 85' lang='lat' dir='ltr'>artifici</span> <span class='ocrx_word' id='word_1_13' title='bbox 266 262 343 302; x_wconf 89' lang='lat' dir='ltr'>deo</span> <span class='ocrx_word' id='word_1_14' title='bbox 368 261 446 302; x_wconf 89' lang='lat' dir='ltr'>soli</span> <span class='ocrx_word' id='word_1_15' title='bbox 472 265 514 301; x_wconf 87' lang='lat' dir='ltr'>et</span> <span class='ocrx_word' id='word_1_16' title='bbox 538 259 763 301; x_wconf 82' lang='lat' dir='ltr'>solubilem</span> <span class='ocrx_word' id='word_1_17' title='bbox 789 264 830 299; x_wconf 82' lang='lat' dir='ltr'>et</span> <span class='ocrx_word' id='word_1_18' title='bbox 855 272 944 299; x_wconf 89' lang='lat' dir='ltr'>esse</span> <span class='ocrx_word' id='word_1_19' title='bbox 975 257 1208 297; x_wconf 74' lang='lat' dir='ltr'><strong>mortalem.</strong></span> <span class='ocrx_word' id='word_1_20' title='bbox 1270 256 1338 296; x_wconf 83' lang='lat' dir='ltr'>Ita</span> <span class='ocrx_word' id='word_1_21' title='bbox 1375 255 1484 295; x_wconf 86' lang='lat' dir='ltr'>nihil</span> 
     </span>
     <span class='ocr_line' id='line_1_4' title="bbox 90 326 1483 378; baseline -0.005 -9"><span class='ocrx_word' id='word_1_22' title='bbox 90 329 246 370; x_wconf 87' lang='lat' dir='ltr'>mirum</span> <span class='ocrx_word' id='word_1_23' title='bbox 294 333 372 377; x_wconf 87' lang='lat' dir='ltr'>est,</span> <span class='ocrx_word' id='word_1_24' title='bbox 415 329 451 369; x_wconf 89' lang='lat' dir='ltr'>si</span> <span class='ocrx_word' id='word_1_25' title='bbox 498 327 582 368; x_wconf 84' lang='lat' dir='ltr'>ista</span> <span class='ocrx_word' id='word_1_26' title='bbox 629 326 760 366; x_wconf 89' lang='lat' dir='ltr'>moles</span> <span class='ocrx_word' id='word_1_27' title='bbox 809 326 862 366; x_wconf 85' lang='lat' dir='ltr'>ab</span> <span class='ocrx_word' id='word_1_28' title='bbox 909 339 967 373; x_wconf 90' lang='lat' dir='ltr'>eo,</span> <span class='ocrx_word' id='word_1_29' title='bbox 1010 338 1095 378; x_wconf 88' lang='lat' dir='ltr'>quo</span> <span class='ocrx_word' id='word_1_30' title='bbox 1142 327 1360 364; x_wconf 86' lang='lat' dir='ltr'>exstructa</span> <span class='ocrx_word' id='word_1_31' title='bbox 1408 327 1483 370; x_wconf 89' lang='lat' dir='ltr'>est,</span> 
     </span>
     <span class='ocr_line' id='line_1_5' title="bbox 89 397 341 437; baseline -0.008 0"><span class='ocrx_word' id='word_1_32' title='bbox 89 397 341 437; x_wconf 73' lang='lat' dir='ltr'>destruatur.</span> 
     </span>
    </p>

    <p class='ocr_par' dir='ltr' id='par_1_3' title="bbox 89 457 1484 718">
     <span class='ocr_line' id='line_1_6' title="bbox 172 457 1483 514; baseline -0.006 -11"><span class='ocrx_word' id='word_1_33' title='bbox 172 463 491 504; x_wconf 83' lang='lat' dir='ltr'>Animadvertis</span> <span class='ocrx_word' id='word_1_34' title='bbox 555 460 828 514; x_wconf 89' lang='lat' dir='ltr'>philosophos</span> <span class='ocrx_word' id='word_1_35' title='bbox 889 458 1037 499; x_wconf 86' lang='lat' dir='ltr'>eadem</span> <span class='ocrx_word' id='word_1_36' title='bbox 1103 457 1322 510; x_wconf 80' lang='lat' dir='ltr'>disputare</span> <span class='ocrx_word' id='word_1_37' title='bbox 1374 470 1483 510; x_wconf 80' lang='lat' dir='ltr'>quae</span> 
     </span>
     <span class='ocr_line' id='line_1_7' title="bbox 89 524 1484 582; baseline -0.006 -11"><span class='ocrx_word' id='word_1_38' title='bbox 89 530 281 578; x_wconf 79' lang='lat' dir='ltr'>dicimus,</span> <span class='ocrx_word' id='word_1_39' title='bbox 319 545 403 570; x_wconf 89' lang='lat' dir='ltr'>non</span> <span class='ocrx_word' id='word_1_40' title='bbox 440 529 551 582; x_wconf 87' lang='lat' dir='ltr'>quod</span> <span class='ocrx_word' id='word_1_41' title='bbox 587 541 663 568; x_wconf 88' lang='lat' dir='ltr'>nos</span> <span class='ocrx_word' id='word_1_42' title='bbox 696 528 828 568; x_wconf 84' lang='lat' dir='ltr'>simus</span> <span class='ocrx_word' id='word_1_43' title='bbox 861 539 1007 567; x_wconf 84' lang='lat' dir='ltr'>eorum</span> <span class='ocrx_word' id='word_1_44' title='bbox 1040 525 1218 579; x_wconf 81' lang='lat' dir='ltr'>vestigia</span> <span class='ocrx_word' id='word_1_45' title='bbox 1256 524 1484 572; x_wconf 74' lang='lat' dir='ltr'>subsecuti,</span> 
     </span>
     <span class='ocr_line' id='line_1_8' title="bbox 90 592 1482 651; baseline -0.006 -13"><span class='ocrx_word' id='word_1_46' title='bbox 90 597 162 638; x_wconf 91' lang='lat' dir='ltr'>sed</span> <span class='ocrx_word' id='word_1_47' title='bbox 199 597 311 651; x_wconf 87' lang='lat' dir='ltr'>quod</span> <span class='ocrx_word' id='word_1_48' title='bbox 354 597 419 637; x_wconf 89' lang='lat' dir='ltr'>illi</span> <span class='ocrx_word' id='word_1_49' title='bbox 458 597 509 637; x_wconf 91' lang='lat' dir='ltr'>de</span> <span class='ocrx_word' id='word_1_50' title='bbox 551 595 709 635; x_wconf 89' lang='lat' dir='ltr'>divinis</span> <span class='ocrx_word' id='word_1_51' title='bbox 750 592 1139 648; x_wconf 79' lang='lat' dir='ltr'>praedicationibus</span> <span class='ocrx_word' id='word_1_52' title='bbox 1178 592 1482 645; x_wconf 81' lang='lat' dir='ltr'>prophetarum</span> 
     </span>
     <span class='ocr_line' id='line_1_9' title="bbox 89 659 1110 718; baseline -0.006 -13"><span class='ocrx_word' id='word_1_53' title='bbox 89 665 284 705; x_wconf 80' lang='lat' dir='ltr'>umbram</span> <span class='ocrx_word' id='word_1_54' title='bbox 308 663 587 718; x_wconf 75' lang='lat' dir='ltr'>interpolatae</span> <span class='ocrx_word' id='word_1_55' title='bbox 612 662 804 703; x_wconf 82' lang='lat' dir='ltr'>veritatis</span> <span class='ocrx_word' id='word_1_56' title='bbox 830 660 988 701; x_wconf 84' lang='lat' dir='ltr'>imitati</span> <span class='ocrx_word' id='word_1_57' title='bbox 1013 659 1110 700; x_wconf 87' lang='lat' dir='ltr'>sint.</span> 
     </span>
    </p>
   </div>
   <div class='ocr_carea' id='block_1_3' title="bbox 88 819 1485 1013">
    <p class='ocr_par' dir='ltr' id='par_1_4' title="bbox 88 819 1485 1013">
     <span class='ocr_line' id='line_1_10' title="bbox 88 819 1483 887; baseline -0.006 -19"><span class='ocrx_word' id='word_1_58' title='bbox 88 820 129 887; x_wconf 62' lang='grc' dir='ltr'>ἓξ</span> <span class='ocrx_word' id='word_1_59' title='bbox 159 827 283 868; x_wconf 82' lang='grc'><strong>6-12.</strong></span> <span class='ocrx_word' id='word_1_60' title='bbox 326 827 406 867; x_wconf 76' lang='lat' dir='ltr'>The</span> <span class='ocrx_word' id='word_1_61' title='bbox 445 826 662 867; x_wconf 69' lang='lat' dir='ltr'>Christian</span> <span class='ocrx_word' id='word_1_62' title='bbox 698 825 836 877; x_wconf 73' lang='lat' dir='ltr'>theory</span> <span class='ocrx_word' id='word_1_63' title='bbox 871 823 921 876; x_wconf 87' lang='lat' dir='ltr'>os</span> <span class='ocrx_word' id='word_1_64' title='bbox 948 822 1235 863; x_wconf 74' lang='lat' dir='ltr'>Resurrection</span> <span class='ocrx_word' id='word_1_65' title='bbox 1259 821 1353 873; x_wconf 84' lang='grc'><strong>(11.</strong></span> <span class='ocrx_word' id='word_1_66' title='bbox 1385 819 1483 872; x_wconf 87' lang='grc'>2-8)</span> 
     </span>
     <span class='ocr_line' id='line_1_11' title="bbox 221 888 1485 946; baseline -0.006 -12"><span class='ocrx_word' id='word_1_67' title='bbox 221 895 258 934; x_wconf 70' lang='lat' dir='ltr'>is</span> <span class='ocrx_word' id='word_1_68' title='bbox 282 894 386 934; x_wconf 70' lang='lat' dir='ltr'>little</span> <span class='ocrx_word' id='word_1_69' title='bbox 410 894 597 946; x_wconf 76' lang='lat' dir='ltr'>different</span> <span class='ocrx_word' id='word_1_70' title='bbox 612 894 731 945; x_wconf 80' lang='lat' dir='ltr'>from</span> <span class='ocrx_word' id='word_1_71' title='bbox 755 893 818 931; x_wconf 73' lang='lat' dir='ltr'>the</span> <span class='ocrx_word' id='word_1_72' title='bbox 843 891 1028 942; x_wconf 30' lang='lat' dir='ltr'>teachz&#39;ntq</span> <span class='ocrx_word' id='word_1_73' title='bbox 1052 891 1102 943; x_wconf 84' lang='lat' dir='ltr'>of</span> <span class='ocrx_word' id='word_1_74' title='bbox 1118 889 1375 941; x_wconf 66' lang='lat' dir='ltr'>Bythaqoras</span> <span class='ocrx_word' id='word_1_75' title='bbox 1398 888 1485 928; x_wconf 71' lang='lat' dir='ltr'>and</span> 
     </span>
     <span class='ocr_line' id='line_1_12' title="bbox 222 956 1390 1013; baseline -0.005 -12"><span class='ocrx_word' id='word_1_76' title='bbox 222 961 352 1001; x_wconf 71' lang='lat' dir='ltr'>Plato.</span> <span class='ocrx_word' id='word_1_77' title='bbox 423 961 466 1001; x_wconf 77' lang='lat' dir='ltr'>It</span> <span class='ocrx_word' id='word_1_78' title='bbox 490 961 526 1000; x_wconf 75' lang='lat' dir='ltr'>is</span> <span class='ocrx_word' id='word_1_79' title='bbox 548 959 766 1013; x_wconf 71' lang='lat' dir='ltr'>supported</span> <span class='ocrx_word' id='word_1_80' title='bbox 791 959 839 1011; x_wconf 68' lang='lat' dir='ltr'>hy</span> <span class='ocrx_word' id='word_1_81' title='bbox 863 957 927 998; x_wconf 75' lang='lat' dir='ltr'>the</span> <span class='ocrx_word' id='word_1_82' title='bbox 951 957 1127 1010; x_wconf 70' lang='lat' dir='ltr'>anclloyy</span> <span class='ocrx_word' id='word_1_83' title='bbox 1151 957 1200 1010; x_wconf 86' lang='lat' dir='ltr'>of</span> <span class='ocrx_word' id='word_1_84' title='bbox 1216 956 1390 996; x_wconf 74' lang='lat' dir='ltr'>Nature.</span> 
     </span>
    </p>
   </div>
   <div class='ocr_carea' id='block_1_4' title="bbox 87 1055 1486 2054">
    <p class='ocr_par' dir='ltr' id='par_1_5' title="bbox 87 1055 1486 1719">
     <span class='ocr_line' id='line_1_13' title="bbox 173 1055 1486 1110; baseline -0.006 -8"><span class='ocrx_word' id='word_1_85' title='bbox 173 1061 242 1101; x_wconf 82' lang='lat' dir='ltr'>Sic</span> <span class='ocrx_word' id='word_1_86' title='bbox 267 1061 395 1102; x_wconf 85' lang='lat' dir='ltr'>etiam</span> <span class='ocrx_word' id='word_1_87' title='bbox 419 1060 710 1101; x_wconf 89' lang='lat' dir='ltr'>condicionem</span> <span class='ocrx_word' id='word_1_88' title='bbox 727 1057 976 1099; x_wconf 84' lang='lat' dir='ltr'>renascendi</span> <span class='ocrx_word' id='word_1_89' title='bbox 1000 1056 1260 1110; x_wconf 88' lang='lat' dir='ltr'>sapientium</span> <span class='ocrx_word' id='word_1_90' title='bbox 1277 1055 1486 1103; x_wconf 84' lang='lat' dir='ltr'>clariores,</span> 
     </span>
     <span class='ocr_line' id='line_1_14' title="bbox 90 1124 1484 1183; baseline -0.006 -14"><span class='ocrx_word' id='word_1_91' title='bbox 90 1128 352 1183; x_wconf 79' lang='lat' dir='ltr'>Pythagoras</span> <span class='ocrx_word' id='word_1_92' title='bbox 406 1128 568 1182; x_wconf 86' lang='lat' dir='ltr'>primus</span> <span class='ocrx_word' id='word_1_93' title='bbox 616 1132 658 1167; x_wconf 88' lang='lat' dir='ltr'>et</span> <span class='ocrx_word' id='word_1_94' title='bbox 704 1126 958 1180; x_wconf 81' lang='lat' dir='ltr'>praecipuus</span> <span class='ocrx_word' id='word_1_95' title='bbox 1007 1124 1142 1172; x_wconf 82' lang='lat' dir='ltr'>Plato,</span> <span class='ocrx_word' id='word_1_96' title='bbox 1189 1127 1389 1176; x_wconf 83' lang='lat' dir='ltr'>corrupta</span> <span class='ocrx_word' id='word_1_97' title='bbox 1442 1126 1484 1163; x_wconf 91' lang='lat' dir='ltr'>et</span> 
     </span>
     <span class='ocr_line' id='line_1_15' title="bbox 89 1189 1484 1244; baseline -0.005 -8"><span class='ocrx_word' id='word_1_98' title='bbox 89 1196 312 1236; x_wconf 86' lang='lat' dir='ltr'>dimidiata</span> <span class='ocrx_word' id='word_1_99' title='bbox 358 1195 440 1236; x_wconf 89' lang='lat' dir='ltr'>fide</span> <span class='ocrx_word' id='word_1_100' title='bbox 483 1195 776 1235; x_wconf 84' lang='lat' dir='ltr'>tradiderunt:</span> <span class='ocrx_word' id='word_1_101' title='bbox 834 1207 933 1233; x_wconf 84' lang='lat' dir='ltr'>nam</span> <span class='ocrx_word' id='word_1_102' title='bbox 972 1191 1217 1244; x_wconf 84' lang='lat' dir='ltr'>corporibus</span> <span class='ocrx_word' id='word_1_103' title='bbox 1265 1189 1484 1231; x_wconf 85' lang='lat' dir='ltr'>dissolutis</span> 
     </span>
     <span class='ocr_line' id='line_1_16' title="bbox 89 1258 1484 1314; baseline -0.005 -11"><span class='ocrx_word' id='word_1_104' title='bbox 89 1263 199 1304; x_wconf 79' lang='lat' dir='ltr'>solas</span> <span class='ocrx_word' id='word_1_105' title='bbox 225 1263 387 1302; x_wconf 81' lang='lat' dir='ltr'>animas</span> <span class='ocrx_word' id='word_1_106' title='bbox 411 1262 562 1302; x_wconf 89' lang='lat' dir='ltr'>volunt</span> <span class='ocrx_word' id='word_1_107' title='bbox 587 1266 629 1302; x_wconf 84' lang='lat' dir='ltr'>et</span> <span class='ocrx_word' id='word_1_108' title='bbox 653 1265 858 1314; x_wconf 84' lang='lat' dir='ltr'>perpetuo</span> <span class='ocrx_word' id='word_1_109' title='bbox 895 1273 1067 1300; x_wconf 82' lang='lat' dir='ltr'>manere</span> <span class='ocrx_word' id='word_1_110' title='bbox 1100 1263 1142 1299; x_wconf 90' lang='lat' dir='ltr'>et</span> <span class='ocrx_word' id='word_1_111' title='bbox 1178 1258 1223 1298; x_wconf 93' lang='lat' dir='ltr'>in</span> <span class='ocrx_word' id='word_1_112' title='bbox 1258 1258 1342 1298; x_wconf 82' lang='lat' dir='ltr'>alia</span> <span class='ocrx_word' id='word_1_113' title='bbox 1374 1270 1484 1296; x_wconf 81' lang='lat' dir='ltr'>nova</span> 
     </span>
     <span class='ocr_line' id='line_1_17' title="bbox 88 1324 1484 1383; baseline -0.005 -13"><span class='ocrx_word' id='word_1_114' title='bbox 88 1343 260 1383; x_wconf 81' lang='lat' dir='ltr'>corpora</span> <span class='ocrx_word' id='word_1_115' title='bbox 307 1330 476 1382; x_wconf 81' lang='lat' dir='ltr'>saepius</span> <span class='ocrx_word' id='word_1_116' title='bbox 523 1342 768 1370; x_wconf 77' lang='lat' dir='ltr'>commeare.</span> <span class='ocrx_word' id='word_1_117' title='bbox 851 1327 1033 1367; x_wconf 86' lang='lat' dir='ltr'>Addunt</span> <span class='ocrx_word' id='word_1_118' title='bbox 1079 1325 1173 1366; x_wconf 85' lang='lat' dir='ltr'>istis</span> <span class='ocrx_word' id='word_1_119' title='bbox 1220 1331 1262 1365; x_wconf 87' lang='lat' dir='ltr'>et</span> <span class='ocrx_word' id='word_1_120' title='bbox 1309 1324 1384 1364; x_wconf 83' lang='lat' dir='ltr'>illa</span> <span class='ocrx_word' id='word_1_121' title='bbox 1431 1324 1484 1364; x_wconf 86' lang='lat' dir='ltr'>ad</span> 
     </span>
     <span class='ocr_line' id='line_1_18' title="bbox 87 1391 1484 1451; baseline -0.005 -13"><span class='ocrx_word' id='word_1_122' title='bbox 87 1397 415 1451; x_wconf 82' lang='lat' dir='ltr'>retorquendam</span> <span class='ocrx_word' id='word_1_123' title='bbox 450 1397 687 1444; x_wconf 83' lang='lat' dir='ltr'>veritatem,</span> <span class='ocrx_word' id='word_1_124' title='bbox 716 1395 760 1435; x_wconf 91' lang='lat' dir='ltr'>in</span> <span class='ocrx_word' id='word_1_125' title='bbox 798 1394 992 1448; x_wconf 90' lang='lat' dir='ltr'>pecudes,</span> <span class='ocrx_word' id='word_1_126' title='bbox 1021 1407 1131 1441; x_wconf 82' lang='lat' dir='ltr'>aves,</span> <span class='ocrx_word' id='word_1_127' title='bbox 1168 1392 1314 1433; x_wconf 82' lang='lat' dir='ltr'>beluas</span> <span class='ocrx_word' id='word_1_128' title='bbox 1349 1391 1484 1432; x_wconf 89' lang='lat' dir='ltr'>homi-</span> 
     </span>
     <span class='ocr_line' id='line_1_19' title="bbox 88 1458 1484 1515; baseline -0.004 -11"><span class='ocrx_word' id='word_1_129' title='bbox 88 1478 192 1504; x_wconf 85' lang='lat' dir='ltr'>num</span> <span class='ocrx_word' id='word_1_130' title='bbox 230 1464 393 1504; x_wconf 82' lang='lat' dir='ltr'>animas</span> <span class='ocrx_word' id='word_1_131' title='bbox 441 1464 588 1504; x_wconf 86' lang='lat' dir='ltr'>redire.</span> <span class='ocrx_word' id='word_1_132' title='bbox 663 1463 761 1503; x_wconf 82' lang='lat' dir='ltr'>Non</span> <span class='ocrx_word' id='word_1_133' title='bbox 794 1460 1035 1515; x_wconf 87' lang='lat' dir='ltr'>philosophi</span> <span class='ocrx_word' id='word_1_134' title='bbox 1074 1473 1174 1500; x_wconf 83' lang='lat' dir='ltr'>sane</span> <span class='ocrx_word' id='word_1_135' title='bbox 1217 1459 1373 1507; x_wconf 75' lang='lat' dir='ltr'>studio,</span> <span class='ocrx_word' id='word_1_136' title='bbox 1411 1458 1484 1499; x_wconf 90' lang='lat' dir='ltr'>sed</span> 
     </span>
     <span class='ocr_line' id='line_1_20' title="bbox 87 1526 1484 1584; baseline -0.004 -13"><span class='ocrx_word' id='word_1_137' title='bbox 87 1531 208 1571; x_wconf 83' lang='lat' dir='ltr'>mimi</span> <span class='ocrx_word' id='word_1_138' title='bbox 247 1531 433 1572; x_wconf 73' lang='lat' dir='ltr'>convicio</span> <span class='ocrx_word' id='word_1_139' title='bbox 475 1531 602 1584; x_wconf 83' lang='lat' dir='ltr'>digna</span> <span class='ocrx_word' id='word_1_140' title='bbox 640 1531 721 1570; x_wconf 83' lang='lat' dir='ltr'>ista</span> <span class='ocrx_word' id='word_1_141' title='bbox 763 1529 977 1570; x_wconf 85' lang='lat' dir='ltr'>sententia</span> <span class='ocrx_word' id='word_1_142' title='bbox 1018 1533 1092 1568; x_wconf 80' lang='lat' dir='ltr'>est.</span> <span class='ocrx_word' id='word_1_143' title='bbox 1175 1527 1256 1568; x_wconf 86' lang='lat' dir='ltr'>Sed</span> <span class='ocrx_word' id='word_1_144' title='bbox 1297 1526 1349 1566; x_wconf 86' lang='lat' dir='ltr'>ad</span> <span class='ocrx_word' id='word_1_145' title='bbox 1388 1539 1484 1579; x_wconf 86' lang='lat' dir='ltr'>pro-</span> 
     </span>
     <span class='ocr_line' id='line_1_21' title="bbox 87 1593 1484 1652; baseline -0.005 -13"><span class='ocrx_word' id='word_1_146' title='bbox 87 1599 272 1652; x_wconf 86' lang='lat' dir='ltr'>positum</span> <span class='ocrx_word' id='word_1_147' title='bbox 320 1598 422 1639; x_wconf 84' lang='lat' dir='ltr'>satis</span> <span class='ocrx_word' id='word_1_148' title='bbox 469 1604 543 1646; x_wconf 86' lang='lat' dir='ltr'>est,</span> <span class='ocrx_word' id='word_1_149' title='bbox 591 1597 719 1638; x_wconf 83' lang='lat' dir='ltr'>etiam</span> <span class='ocrx_word' id='word_1_150' title='bbox 767 1597 808 1636; x_wconf 86' lang='lat' dir='ltr'>in</span> <span class='ocrx_word' id='word_1_151' title='bbox 859 1597 939 1636; x_wconf 90' lang='lat' dir='ltr'>hoc</span> <span class='ocrx_word' id='word_1_152' title='bbox 985 1595 1198 1648; x_wconf 77' lang='lat' dir='ltr'>sapientes</span> <span class='ocrx_word' id='word_1_153' title='bbox 1235 1599 1398 1634; x_wconf 84' lang='lat' dir='ltr'>vestros</span> <span class='ocrx_word' id='word_1_154' title='bbox 1439 1593 1484 1632; x_wconf 92' lang='lat' dir='ltr'>in</span> 
     </span>
     <span class='ocr_line' id='line_1_22' title="bbox 87 1665 982 1719; baseline -0.002 -14"><span class='ocrx_word' id='word_1_155' title='bbox 87 1665 273 1719; x_wconf 85' lang='lat' dir='ltr'>aliquem</span> <span class='ocrx_word' id='word_1_156' title='bbox 298 1665 470 1705; x_wconf 85' lang='lat' dir='ltr'>modum</span> <span class='ocrx_word' id='word_1_157' title='bbox 496 1665 717 1705; x_wconf 90' lang='lat' dir='ltr'>nobiscum</span> <span class='ocrx_word' id='word_1_158' title='bbox 743 1677 982 1704; x_wconf 83' lang='lat' dir='ltr'>consonare.</span> 
     </span>
    </p>

    <p class='ocr_par' dir='ltr' id='par_1_6' title="bbox 88 1728 1485 2054">
     <span class='ocr_line' id='line_1_23' title="bbox 172 1728 1484 1786; baseline -0.005 -13"><span class='ocrx_word' id='word_1_159' title='bbox 172 1733 371 1773; x_wconf 85' lang='lat' dir='ltr'>Ceterum</span> <span class='ocrx_word' id='word_1_160' title='bbox 408 1732 502 1786; x_wconf 86' lang='lat' dir='ltr'>quis</span> <span class='ocrx_word' id='word_1_161' title='bbox 536 1737 623 1772; x_wconf 83' lang='lat' dir='ltr'>tani</span> <span class='ocrx_word' id='word_1_162' title='bbox 659 1731 818 1773; x_wconf 83' lang='lat' dir='ltr'>stultus</span> <span class='ocrx_word' id='word_1_163' title='bbox 854 1736 930 1771; x_wconf 82' lang='lat' dir='ltr'>aut</span> <span class='ocrx_word' id='word_1_164' title='bbox 965 1731 1118 1770; x_wconf 83' lang='lat' dir='ltr'>brutus</span> <span class='ocrx_word' id='word_1_165' title='bbox 1152 1733 1226 1777; x_wconf 87' lang='lat' dir='ltr'>est,</span> <span class='ocrx_word' id='word_1_166' title='bbox 1251 1733 1300 1768; x_wconf 91' lang='lat' dir='ltr'>ut</span> <span class='ocrx_word' id='word_1_167' title='bbox 1329 1728 1484 1768; x_wconf 83' lang='lat' dir='ltr'>audeat</span> 
     </span>
     <span class='ocr_line' id='line_1_24' title="bbox 88 1795 1485 1853; baseline -0.004 -13"><span class='ocrx_word' id='word_1_168' title='bbox 88 1813 335 1853; x_wconf 81' lang='lat' dir='ltr'>repugnare,</span> <span class='ocrx_word' id='word_1_169' title='bbox 362 1799 576 1840; x_wconf 88' lang='lat' dir='ltr'>hominem</span> <span class='ocrx_word' id='word_1_170' title='bbox 602 1813 625 1839; x_wconf 84' lang='lat' dir='ltr'>a</span> <span class='ocrx_word' id='word_1_171' title='bbox 649 1799 738 1847; x_wconf 84' lang='grc'><strong>(100,</strong></span> <span class='ocrx_word' id='word_1_172' title='bbox 763 1803 812 1839; x_wconf 88' lang='lat' dir='ltr'>ut</span> <span class='ocrx_word' id='word_1_173' title='bbox 845 1798 1031 1851; x_wconf 79' lang='lat' dir='ltr'>primuni</span> <span class='ocrx_word' id='word_1_174' title='bbox 1059 1796 1249 1849; x_wconf 87' lang='lat' dir='ltr'>potuisse</span> <span class='ocrx_word' id='word_1_175' title='bbox 1286 1795 1399 1849; x_wconf 85' lang='lat' dir='ltr'>fingi,</span> <span class='ocrx_word' id='word_1_176' title='bbox 1424 1795 1485 1835; x_wconf 82' lang='lat' dir='ltr'>ita</span> 
     </span>
     <span class='ocr_line' id='line_1_25' title="bbox 88 1864 1484 1920; baseline -0.004 -13"><span class='ocrx_word' id='word_1_177' title='bbox 88 1880 209 1920; x_wconf 87' lang='lat' dir='ltr'>posse</span> <span class='ocrx_word' id='word_1_178' title='bbox 239 1867 376 1907; x_wconf 91' lang='lat' dir='ltr'>denuo</span> <span class='ocrx_word' id='word_1_179' title='bbox 413 1866 661 1907; x_wconf 76' lang='lat' dir='ltr'>reformari?</span> <span class='ocrx_word' id='word_1_180' title='bbox 696 1866 806 1905; x_wconf 87' lang='lat' dir='ltr'>nihil</span> <span class='ocrx_word' id='word_1_181' title='bbox 842 1879 931 1905; x_wconf 87' lang='lat' dir='ltr'>esse</span> <span class='ocrx_word' id='word_1_182' title='bbox 967 1870 1062 1918; x_wconf 91' lang='lat' dir='ltr'>post</span> <span class='ocrx_word' id='word_1_183' title='bbox 1098 1864 1274 1910; x_wconf 84' lang='lat' dir='ltr'>obitum,</span> <span class='ocrx_word' id='word_1_184' title='bbox 1311 1867 1353 1902; x_wconf 90' lang='lat' dir='ltr'>et</span> <span class='ocrx_word' id='word_1_185' title='bbox 1385 1867 1484 1902; x_wconf 83' lang='lat' dir='ltr'>ante</span> 
     </span>
     <span class='ocr_line' id='line_1_26' title="bbox 88 1929 1484 1978; baseline -0.004 -4"><span class='ocrx_word' id='word_1_186' title='bbox 88 1938 229 1974; x_wconf 85' lang='lat' dir='ltr'>ortum</span> <span class='ocrx_word' id='word_1_187' title='bbox 265 1933 374 1974; x_wconf 85' lang='lat' dir='ltr'>nihil</span> <span class='ocrx_word' id='word_1_188' title='bbox 411 1934 565 1974; x_wconf 86' lang='lat' dir='ltr'>fuisse:</span> <span class='ocrx_word' id='word_1_189' title='bbox 602 1934 712 1974; x_wconf 85' lang='lat' dir='ltr'>sicut</span> <span class='ocrx_word' id='word_1_190' title='bbox 747 1933 797 1973; x_wconf 90' lang='lat' dir='ltr'>de</span> <span class='ocrx_word' id='word_1_191' title='bbox 836 1931 970 1972; x_wconf 89' lang='lat' dir='ltr'>nihilo</span> <span class='ocrx_word' id='word_1_192' title='bbox 1000 1931 1116 1971; x_wconf 86' lang='lat' dir='ltr'>nasci</span> <span class='ocrx_word' id='word_1_193' title='bbox 1155 1930 1289 1978; x_wconf 87' lang='lat' dir='ltr'>licuit,</span> <span class='ocrx_word' id='word_1_194' title='bbox 1330 1929 1390 1969; x_wconf 82' lang='lat' dir='ltr'>ita</span> <span class='ocrx_word' id='word_1_195' title='bbox 1433 1929 1484 1969; x_wconf 91' lang='lat' dir='ltr'>de</span> 
     </span>
     <span class='ocr_line' id='line_1_27' title="bbox 90 1997 1485 2054; baseline -0.004 -14"><span class='ocrx_word' id='word_1_196' title='bbox 90 2001 223 2041; x_wconf 90' lang='lat' dir='ltr'>nihilo</span> <span class='ocrx_word' id='word_1_197' title='bbox 247 2001 373 2042; x_wconf 84' lang='lat' dir='ltr'>licere</span> <span class='ocrx_word' id='word_1_198' title='bbox 398 2001 616 2054; x_wconf 73' lang='lat' dir='ltr'>reparari?</span> <span class='ocrx_word' id='word_1_199' title='bbox 674 2001 801 2040; x_wconf 84' lang='lat' dir='ltr'>Porro</span> <span class='ocrx_word' id='word_1_200' title='bbox 835 1999 1048 2039; x_wconf 85' lang='lat' dir='ltr'>difficilius</span> <span class='ocrx_word' id='word_1_201' title='bbox 1086 2002 1160 2045; x_wconf 85' lang='lat' dir='ltr'>est,</span> <span class='ocrx_word' id='word_1_202' title='bbox 1186 1997 1228 2037; x_wconf 90' lang='lat' dir='ltr'>id</span> <span class='ocrx_word' id='word_1_203' title='bbox 1253 1997 1366 2049; x_wconf 88' lang='lat' dir='ltr'>quod</span> <span class='ocrx_word' id='word_1_204' title='bbox 1399 2010 1485 2036; x_wconf 88' lang='lat' dir='ltr'>non</span> 
     </span>
    </p>
   </div>
   <div class='ocr_carea' id='block_1_5' title="bbox 1528 1330 1544 1363">
    <p class='ocr_par' dir='ltr' id='par_1_7' title="bbox 1528 1330 1544 1363">
     <span class='ocr_line' id='line_1_28' title="bbox 1528 1330 1544 1363; textangle 90"><span class='ocrx_word' id='word_1_205' title='bbox 1528 1330 1544 1363; x_wconf 44' lang='lat'>*¹</span> 
     </span>
    </p>
   </div>
   <div class='ocr_carea' id='block_1_6' title="bbox 88 2063 1545 2122">
    <p class='ocr_par' dir='ltr' id='par_1_8' title="bbox 88 2063 1545 2122">
     <span class='ocr_line' id='line_1_29' title="bbox 88 2063 1545 2122; baseline -0.003 -15"><span class='ocrx_word' id='word_1_206' title='bbox 88 2068 146 2108; x_wconf 87' lang='lat' dir='ltr'>sit</span> <span class='ocrx_word' id='word_1_207' title='bbox 171 2068 367 2122; x_wconf 87' lang='lat' dir='ltr'>incipere,</span> <span class='ocrx_word' id='word_1_208' title='bbox 388 2082 515 2121; x_wconf 80' lang='lat' dir='ltr'>quani</span> <span class='ocrx_word' id='word_1_209' title='bbox 540 2068 581 2107; x_wconf 88' lang='lat' dir='ltr'>id</span> <span class='ocrx_word' id='word_1_210' title='bbox 609 2067 721 2121; x_wconf 84' lang='lat' dir='ltr'>quod</span> <span class='ocrx_word' id='word_1_211' title='bbox 746 2067 829 2106; x_wconf 85' lang='lat' dir='ltr'>suit</span> <span class='ocrx_word' id='word_1_212' title='bbox 853 2067 1018 2107; x_wconf 82' lang='lat' dir='ltr'>iterare.</span> <span class='ocrx_word' id='word_1_213' title='bbox 1088 2066 1150 2105; x_wconf 89' lang='lat' dir='ltr'>Tu</span> <span class='ocrx_word' id='word_1_214' title='bbox 1176 2064 1313 2119; x_wconf 80' lang='lat' dir='ltr'>perire</span> <span class='ocrx_word' id='word_1_215' title='bbox 1339 2069 1382 2104; x_wconf 91' lang='lat' dir='ltr'>et</span> <span class='ocrx_word' id='word_1_216' title='bbox 1407 2063 1484 2104; x_wconf 88' lang='lat' dir='ltr'>deo</span> <span class='ocrx_word' id='word_1_217' title='bbox 1505 2071 1545 2103; x_wconf 91' lang='lat'>10</span> 
     </span>
    </p>
   </div>
   <div class='ocr_carea' id='block_1_7' title="bbox 90 2130 1486 2453">
    <p class='ocr_par' dir='ltr' id='par_1_9' title="bbox 90 2130 1486 2453">
     <span class='ocr_line' id='line_1_30' title="bbox 91 2130 1483 2188; baseline -0.004 -13"><span class='ocrx_word' id='word_1_218' title='bbox 91 2135 236 2183; x_wconf 84' lang='lat' dir='ltr'>credis,</span> <span class='ocrx_word' id='word_1_219' title='bbox 284 2135 319 2175; x_wconf 90' lang='lat' dir='ltr'>si</span> <span class='ocrx_word' id='word_1_220' title='bbox 367 2135 471 2188; x_wconf 88' lang='lat' dir='ltr'>quid</span> <span class='ocrx_word' id='word_1_221' title='bbox 518 2135 650 2175; x_wconf 83' lang='lat' dir='ltr'>oculis</span> <span class='ocrx_word' id='word_1_222' title='bbox 702 2134 860 2174; x_wconf 84' lang='lat' dir='ltr'>nostris</span> <span class='ocrx_word' id='word_1_223' title='bbox 913 2133 1137 2173; x_wconf 86' lang='lat' dir='ltr'>hebetibus</span> <span class='ocrx_word' id='word_1_224' title='bbox 1185 2130 1483 2172; x_wconf 71' lang='lat' dir='ltr'>subtrahitur?</span> 
     </span>
     <span class='ocr_line' id='line_1_31' title="bbox 92 2199 1483 2255; baseline -0.002 -14"><span class='ocrx_word' id='word_1_225' title='bbox 92 2201 255 2255; x_wconf 87' lang='lat' dir='ltr'>Corpus</span> <span class='ocrx_word' id='word_1_226' title='bbox 288 2216 411 2243; x_wconf 84' lang='lat' dir='ltr'>omne</span> <span class='ocrx_word' id='word_1_227' title='bbox 447 2203 536 2243; x_wconf 86' lang='lat' dir='ltr'>sive</span> <span class='ocrx_word' id='word_1_228' title='bbox 572 2202 723 2242; x_wconf 83' lang='lat' dir='ltr'>arescit</span> <span class='ocrx_word' id='word_1_229' title='bbox 759 2201 802 2240; x_wconf 91' lang='grc'>111</span> <span class='ocrx_word' id='word_1_230' title='bbox 839 2200 1058 2254; x_wconf 85' lang='lat' dir='ltr'>pulverem</span> <span class='ocrx_word' id='word_1_231' title='bbox 1093 2199 1183 2239; x_wconf 87' lang='lat' dir='ltr'>sive</span> <span class='ocrx_word' id='word_1_232' title='bbox 1215 2199 1259 2238; x_wconf 89' lang='lat' dir='ltr'>in</span> <span class='ocrx_word' id='word_1_233' title='bbox 1292 2212 1483 2238; x_wconf 85' lang='lat' dir='ltr'>umorem</span> 
     </span>
     <span class='ocr_line' id='line_1_32' title="bbox 90 2265 1484 2321; baseline -0.004 -12"><span class='ocrx_word' id='word_1_234' title='bbox 90 2268 272 2309; x_wconf 83' lang='lat' dir='ltr'>solvitur</span> <span class='ocrx_word' id='word_1_235' title='bbox 319 2269 386 2309; x_wconf 85' lang='lat' dir='ltr'>vel</span> <span class='ocrx_word' id='word_1_236' title='bbox 433 2270 479 2309; x_wconf 87' lang='grc'>111</span> <span class='ocrx_word' id='word_1_237' title='bbox 525 2269 709 2309; x_wconf 81' lang='lat' dir='ltr'>cinerem</span> <span class='ocrx_word' id='word_1_238' title='bbox 758 2268 1055 2321; x_wconf 75' lang='lat' dir='ltr'>comprimitur</span> <span class='ocrx_word' id='word_1_239' title='bbox 1100 2266 1169 2307; x_wconf 84' lang='lat' dir='ltr'>vel</span> <span class='ocrx_word' id='word_1_240' title='bbox 1210 2266 1255 2305; x_wconf 88' lang='lat' dir='ltr'>in</span> <span class='ocrx_word' id='word_1_241' title='bbox 1297 2265 1484 2305; x_wconf 80' lang='lat' dir='ltr'>nidorem</span> 
     </span>
     <span class='ocr_line' id='line_1_33' title="bbox 91 2332 1486 2384; baseline -0.002 -9"><span class='ocrx_word' id='word_1_242' title='bbox 91 2341 302 2384; x_wconf 83' lang='lat' dir='ltr'>tenuatur,</span> <span class='ocrx_word' id='word_1_243' title='bbox 327 2336 578 2377; x_wconf 84' lang='lat' dir='ltr'>subducitur</span> <span class='ocrx_word' id='word_1_244' title='bbox 602 2335 734 2383; x_wconf 85' lang='lat' dir='ltr'>nobis,</span> <span class='ocrx_word' id='word_1_245' title='bbox 759 2335 830 2376; x_wconf 85' lang='lat' dir='ltr'>sed</span> <span class='ocrx_word' id='word_1_246' title='bbox 857 2335 934 2375; x_wconf 88' lang='lat' dir='ltr'>deo</span> <span class='ocrx_word' id='word_1_247' title='bbox 959 2334 1268 2375; x_wconf 84' lang='lat' dir='ltr'>elementorum</span> <span class='ocrx_word' id='word_1_248' title='bbox 1294 2332 1486 2373; x_wconf 86' lang='lat' dir='ltr'>custodia</span> 
     </span>
     <span class='ocr_line' id='line_1_34' title="bbox 90 2399 1485 2453; baseline -0.002 -11"><span class='ocrx_word' id='word_1_249' title='bbox 90 2408 340 2444; x_wconf 86' lang='lat' dir='ltr'>reservatur.</span> <span class='ocrx_word' id='word_1_250' title='bbox 406 2403 507 2452; x_wconf 87' lang='lat' dir='ltr'>Nec,</span> <span class='ocrx_word' id='word_1_251' title='bbox 538 2408 586 2444; x_wconf 86' lang='lat' dir='ltr'>ut</span> <span class='ocrx_word' id='word_1_252' title='bbox 619 2403 800 2451; x_wconf 86' lang='lat' dir='ltr'>creditis,</span> <span class='ocrx_word' id='word_1_253' title='bbox 834 2402 971 2442; x_wconf 85' lang='lat' dir='ltr'>ullum</span> <span class='ocrx_word' id='word_1_254' title='bbox 1000 2402 1204 2442; x_wconf 83' lang='lat' dir='ltr'>damnum</span> <span class='ocrx_word' id='word_1_255' title='bbox 1241 2399 1485 2453; x_wconf 85' lang='lat' dir='ltr'>sepulturae</span> 
     </span>
    </p>
   </div>
  </div>
 </body>
</html>
