1704 2704
687 97 986 139 OCTAVIUS
1475 102 1532 142 53

141 206 261 247 endis
286 206 414 246 sacris
439 210 515 246 aut
547 205 735 247 delubris
769 206 1015 247 dedicandis
1053 221 1222 259 operam
1258 214 1536 249 navaverunt.

141 274 293 326 Specta
321 273 373 313 de
398 273 516 313 libris
536 274 779 314 memoriam
801 289 808 313 :
838 274 922 314 iam
942 287 1011 314 eos
1031 274 1320 327 deprehendes
1344 275 1536 315 initiasse

141 340 248 381 ritus
295 340 484 381 omnium
531 340 794 395 religionum,
834 340 953 382 velut
1000 346 1344 382 remuneraretur
1391 342 1537 382 divina

142 407 421 461 indulgentia,
465 407 533 448 vel
580 413 628 447 ut
669 412 933 448 averteretur
979 408 1206 449 imminens
1243 408 1304 448 ira
1340 414 1416 449 aut
1452 409 1536 448 iam

144 479 313 515 tumens
339 478 381 514 et
406 474 598 515 saeviens
624 474 874 527 placaretur.
947 475 1083 516 Testis
1108 482 1243 516 mater
1269 475 1409 524 Idaea,
1429 489 1536 528 quae

143 541 331 582 adventu
364 554 440 582 suo
469 546 512 582 et
548 541 744 595 probavit
776 546 996 583 matronae
1032 542 1275 584 castitatem
1312 548 1354 583 et
1389 543 1536 583 urbem

143 613 260 648 metu
285 608 432 649 hostili
457 608 679 658 liberavit,
714 613 845 649 testes
871 610 1134 662 equestrium
1154 610 1335 650 fratrum
1362 611 1405 650 in
1431 610 1538 656 lacu,

143 676 250 715 sicut
297 690 334 715 se
381 675 666 724 ostenderant,
713 681 879 717 statuae
935 682 1215 725 consecratae,
1264 677 1339 731 qui
1396 677 1537 718 anheli

144 742 443 796 spumantibus
477 743 596 796 equis
622 749 750 795 atque
775 743 1040 785 fumantibus
1077 745 1128 785 de
1166 744 1292 785 Perse
1316 744 1539 785 victoriam

144 809 290 850 eadem
326 809 406 858 die,
438 823 521 862 qua
556 810 762 858 fecerunt,
799 811 1136 861 nuntiaverunt,
1184 811 1305 852 testis
1341 811 1539 852 ludorum

145 876 293 917 offensi
331 876 445 917 Iovis
481 876 532 916 de
568 878 734 918 somnio
758 877 897 931 plebei
933 878 1118 919 hominis
1155 878 1352 929 iterati03
1388 883 1430 919 et
1454 879 1540 919 De-

145 945 306 984 ciorum
354 943 522 984 devotio
570 949 661 984 rata
708 945 830 985 testis
872 950 964 996 est,
1007 945 1129 986 testis
1166 950 1207 986 et
1245 945 1430 994 Curtius,
1467 946 1541 999 qui

145 1010 302 1064 equitis
349 1010 414 1050 sui
462 1011 529 1051 vel
587 1012 696 1052 mole
745 1012 812 1052 vel
872 1013 1029 1053 honore
1087 1013 1252 1053 hiatum
1306 1013 1540 1066 profundae

146 1078 358 1133 voraginis
406 1079 667 1132 coaequavit.
738 1080 1021 1133 Frequentius
1069 1080 1211 1128 etiam,
1250 1094 1379 1133 quam
1425 1080 1538 1120 vole-

146 1145 305 1194 bamus,
326 1145 500 1185 deorum
525 1146 809 1199 praesentiam
825 1151 1068 1200 contempta
1086 1147 1276 1200 auspicia
1302 1152 1540 1188 contestata

149 1218 259 1253 sunt.
331 1211 400 1252 Sic
425 1212 541 1253 Allia
567 1217 761 1254 “nomen
788 1214 1059 1263 infaustum,”
1086 1214 1145 1255 sic
1173 1214 1323 1255 Claudi
1360 1220 1402 1255 et
1440 1215 1540 1254 Iuni

146 1293 231 1319 non
257 1279 466 1333 proelium
492 1280 536 1320 in
563 1281 735 1329 Poenos,
762 1281 834 1322 sed
871 1281 1000 1322 ferale
1026 1281 1297 1335 naufragium
1322 1287 1399 1331 est,
1424 1286 1467 1323 et
1492 1288 1541 1322 ut

147 1347 416 1388 Trasimenus
470 1347 758 1388 Romanorum
817 1349 1022 1402 sanguine
1070 1354 1112 1390 et
1159 1349 1293 1389 maior
1339 1353 1451 1390 esset
1498 1354 1541 1390 et

146 1414 324 1462 decolor,
349 1414 511 1466 sprevit
547 1415 720 1469 auguria
759 1415 1005 1466 Flaminius,
1043 1421 1084 1456 et
1119 1421 1168 1456 ut
1204 1416 1386 1457 Parthos
1421 1417 1541 1470 signa

148 1486 402 1535 repetamus,
428 1480 616 1522 dirarum
653 1483 980 1536 imprecationes
1014 1484 1189 1524 Crassus
1233 1488 1274 1524 et
1310 1483 1467 1525 meruit
1501 1491 1543 1524 et

144 1549 290 1590 irrisit.

146 1650 187 1717 ξὲ
228 1658 317 1699 5-6.
360 1658 440 1698 The
461 1660 558 1711 qods
576 1674 645 1699 are
664 1664 827 1711 present
853 1661 901 1699 in
925 1674 1002 1700 om·
1021 1661 1191 1713 (amplos,
1211 1665 1371 1713 present
1397 1661 1443 1700 z'u
1469 1674 1545 1700 ouo·

366 1727 562 1779 propheta
644 1727 712 1767 We
737 1741 813 1767 can
837 1741 893 1767 sec
918 1727 1021 1767 them
1049 1729 1096 1767 sin
1120 1741 1196 1767 οὐν·
1219 1728 1329 1781 sleep.

233 1817 396 1859 Omitto
443 1824 588 1860 vetera
634 1833 742 1872 quae
800 1819 938 1860 multa
996 1824 1110 1869 sunt,
1158 1824 1200 1860 et
1258 1820 1309 1861 de
1369 1819 1542 1861 deorum

150 1884 375 1935 natalibus,
411 1885 545 1935 donis,
581 1887 828 1927 muneribus
864 1887 1038 1941 neglego
1076 1888 1264 1928 carmina
1311 1891 1545 1940 poetarum,

150 1951 367 2005 praedicta
414 1954 543 1994 etiam
591 1953 643 1994 de
685 1954 866 1994 oraculis
924 1954 1013 1995 fata
1062 1954 1265 2004 transilio,
1313 1968 1365 1995 ne
1424 1954 1544 1995 vobis

152 2019 387 2072 antiquitas
423 2021 604 2061 nimium
641 2021 834 2062 fabulosa
870 2021 1077 2062 videatur.
1151 2021 1332 2062 Intende
1369 2022 1544 2074 templis

151 2099 198 2126 ac
221 2086 410 2128 delubris
436 2087 623 2136 deorum,
648 2088 803 2141 quibus
829 2088 1020 2129 Romana
1044 2089 1196 2130 civitas
1230 2094 1272 2130 et
1308 2089 1545 2142 protegitur

152 2158 195 2193 et
219 2158 420 2196 ornatur:
456 2155 589 2209 magis
614 2163 715 2196 sunt
740 2159 919 2209 augusta
950 2156 1200 2197 numinibus
1237 2156 1400 2205 incolis,
1425 2170 1543 2209 prae-

152 2220 356 2270 sentibus,
380 2222 603 2275 inquilinis
634 2236 760 2275 quam
786 2222 918 2271 cultu,
942 2223 1179 2276 insignibus
1217 2229 1259 2264 et
1295 2223 1545 2264 muneribus

153 2287 364 2340 opulenta.
438 2289 545 2329 Inde
586 2289 689 2330 adeo
731 2289 848 2343 pleni
890 2295 933 2330 ct
972 2291 1099 2331 mixti
1133 2291 1209 2331 (leo
1244 2295 1363 2331 vates
1401 2291 1546 2331 futura

153 2361 446 2409 praecerpunt,
482 2356 587 2397 dant
623 2357 833 2398 cautelam
870 2357 1082 2410 periculis,
1118 2358 1276 2398 morbis
1323 2357 1546 2406 medelam,

154 2433 271 2474 Spem
329 2422 508 2471 afflictis,
555 2437 675 2477 opem
735 2425 910 2471 miseris
958 2424 1160 2465 solacium
1220 2425 1548 2472 calamitatibus,

1579 285 1597 313 10

1589 2297 1606 2325 6
