1704 2704
654 82 956 124 OCTAVIUS
1443 81 1502 125 97

105 195 216 249 ignis
254 194 442 235 membra
480 193 567 234 urit
614 196 658 233 et
699 192 846 239 reficit,
890 191 1028 245 carpit
1077 199 1119 232 et
1162 191 1310 231 nutrit.
1383 192 1504 232 Sicut

105 262 223 316 ignes
272 261 501 301 fulminum
549 273 722 313 corpora
764 263 947 311 tangunt
988 272 1066 299 nec
1113 258 1355 307 absumunt,
1393 259 1504 299 sicut

104 329 223 382 ignes
266 329 451 369 Aetnaei
488 327 646 367 montis
688 331 730 367 et
770 326 920 366 Vesvii
967 326 1125 365 montis
1173 330 1214 365 et
1261 325 1501 366 ardentium

105 396 263 449 ubique
305 400 513 435 terrarum
554 395 734 447 flagrant
781 406 858 433 nec
905 397 1159 446 erogantur:
1218 393 1279 433 ita
1326 392 1502 446 poenale

104 463 212 503 illud
258 462 505 503 incendium
548 475 632 501 non
680 460 845 500 damnis
893 460 1135 500 ardentium
1182 460 1382 513 pascitur,
1429 459 1502 500 sed

105 530 278 571 inexesa
309 542 533 582 corporum
570 528 824 568 laceratione
860 527 1062 567 nutritur.

189 597 270 637 Eos
312 602 455 636 autem
492 596 644 636 merito
682 594 881 647 torqueri,
918 594 991 647 qui
1034 594 1161 634 deum
1208 594 1416 644 nesciunt,
1454 598 1503 634 ut
1543 605 1562 634 4

106 664 270 717 impios,
306 668 354 703 ut
395 663 586 711 iniustos,
623 661 706 701 nisi
747 662 948 714 profanus
984 675 1108 701 nemo
1150 661 1369 710 deliberat,
1406 675 1501 701 cum

105 736 324 784 parentem
366 731 559 770 omnium
601 733 644 770 et
686 729 877 769 omnium
925 728 1145 768 dominum
1193 742 1278 768 non
1325 729 1502 769 minoris

105 798 274 838 sceleris
299 798 356 838 sit
381 797 574 851 ignorare
600 809 727 850 quam
752 795 927 836 laedere.

105 903 147 970 ἓξ
176 910 267 950 5-6.
309 910 391 950 The
431 909 628 962 morality
666 908 714 960 of
763 907 999 948 Christiane
1038 908 1075 948 is
1108 908 1294 961 superior
1335 912 1372 947 to
1414 908 1503 948 tlzat

239 978 288 1030 of
322 978 430 1017 their
469 980 695 1030 opponents.
770 975 987 1016 Christian
1026 975 1245 1015 criminals
1286 976 1394 1015 there
1434 990 1504 1016 are

238 1058 352 1093 none,
386 1049 512 1096 except
549 1044 640 1096 they
676 1043 716 1082 be
748 1043 961 1095 7·eneqades
988 1056 1033 1082 or
1065 1043 1157 1082 that
1194 1043 1301 1083 their
1328 1043 1500 1095 reliyz'orz

240 1112 281 1152 be
306 1112 414 1152 their
437 1112 572 1152 crime.

190 1204 250 1246 Et
275 1217 534 1257 quamquam
569 1202 785 1256 imperitia
820 1202 887 1242 dei
921 1201 1104 1242 sufficiat
1139 1201 1192 1242 ad
1225 1215 1416 1255 poenam,
1442 1203 1503 1243 ita
1545 1210 1564 1240 5

104 1276 154 1312 ut
178 1272 333 1312 notitia
359 1271 494 1324 prosit
519 1270 571 1310 ad
596 1270 778 1317 veniam,
801 1273 945 1310 tamen
971 1269 1007 1309 si
1026 1269 1246 1310 vobiscum
1267 1269 1503 1310 Christiani

106 1352 409 1393 comparemur,
434 1337 629 1391 quamvis
648 1337 693 1378 in
713 1336 933 1377 nonnullis
954 1336 1180 1389 disciplina
1200 1342 1346 1377 nostra
1365 1338 1503 1377 minor

105 1411 181 1455 est,
217 1406 353 1446 multo
396 1409 539 1445 tamen
576 1405 696 1444 vobis
733 1404 929 1444 meliores
966 1403 1342 1457 deprehendemur.
1414 1404 1502 1445 Vos
1545 1408 1564 1438 6

105 1474 219 1514 enim
252 1472 461 1513 adulteria
493 1471 727 1525 prohibetis
764 1476 807 1512 et
840 1471 991 1520 facitis,
1016 1484 1091 1512 nos
1117 1471 1320 1511 uxoribus
1346 1472 1502 1512 nostris

104 1540 367 1582 solummodo
402 1540 485 1579 viri
522 1539 757 1579 nascimur:
793 1552 867 1579 vos
904 1538 1064 1579 scelera
1099 1538 1283 1579 admissa
1326 1539 1500 1592 punitis,

104 1608 219 1662 apud
254 1620 330 1648 nos
366 1612 408 1647 et
443 1606 626 1661 cogitare
662 1619 834 1660 peccare
871 1610 960 1646 est:
996 1619 1071 1646 vos
1107 1606 1297 1646 conscios
1328 1605 1501 1655 timetis,

103 1689 179 1716 nos
198 1675 328 1715 etiam
344 1674 647 1714 conscientiam
664 1673 809 1721 solam,
828 1673 918 1713 sine
935 1686 1018 1726 qua
1038 1686 1127 1713 esse
1146 1687 1232 1713 non
1251 1686 1475 1726 possumus
1493 1689 1501 1714 :

103 1742 286 1795 denique
312 1741 363 1782 de
382 1746 523 1782 vestro
543 1754 717 1781 numero
738 1754 879 1781 carcer
898 1745 1131 1787 exaestuat,
1153 1740 1421 1781 Christianus
1440 1741 1501 1781 ibi

103 1809 249 1850 nullus
274 1808 358 1849 nisi
382 1813 458 1849 aut
482 1821 578 1849 reus
603 1821 704 1849 suae
729 1807 945 1861 religionis
969 1812 1045 1848 aut
1069 1807 1284 1861 profugus.

552 2004 824 2045 CHAPTER
860 2003 1058 2043 XXXVI

131 2097 174 2164 ἕξ
203 2105 292 2144 1-2.
335 2104 417 2144 The
441 2105 581 2157 theory
605 2105 754 2157 offerte
779 2103 873 2156 (11.
903 2104 951 2157 6)
975 2103 1064 2144 does
1088 2108 1157 2144 not
1174 2105 1382 2157 prejnd‘z'ce
1406 2104 1471 2144 the

481 2172 700 2212 Christian
723 2171 902 2211 doctrine
926 2171 972 2224 of
992 2172 1123 2211 merit.

185 2269 276 2311 Nec
300 2269 352 2310 de
376 2270 465 2310 fato
491 2270 718 2324 quisquam
743 2273 818 2310 aut
842 2269 1047 2310 solacium
1066 2274 1211 2324 captet
1230 2275 1304 2311 aut
1323 2275 1497 2311 excuset
1540 2282 1555 2311 1

101 2341 328 2378 eventurn:
364 2337 421 2378 sit
456 2350 545 2378 sors
580 2338 792 2386 fortunae,
828 2350 948 2377 mens
984 2341 1128 2378 tamen
1170 2338 1304 2378 libera
1340 2342 1415 2387 est,
1454 2343 1497 2378 et

99 2403 194 2445 ideo
220 2409 340 2445 actus
376 2404 574 2454 hominis,
599 2417 685 2445 non
722 2404 908 2457 dignitas
940 2404 1164 2446 iudicatur.
1236 2404 1348 2454 Quid
1381 2405 1496 2446 enim
1539 2415 1558 2445 2

1333 2482 1364 2512 H
