1704 2704
633 106 931 148 OCTAVIUS
1423 107 1446 151 7
1457 106 1480 151 7

85 215 238 256 mentis
262 214 308 254 in
333 215 416 255 ista
440 214 632 267 desipere
657 218 698 254 et
723 213 860 267 ipsam
879 213 1114 253 errantium
1140 213 1308 253 turbam
1333 218 1483 254 mutua

85 282 165 323 sibi
190 281 425 335 patrocinia
447 286 664 335 praestare
683 283 697 319 2
755 280 841 320 Hic
860 280 1050 321 defensio
1069 280 1308 321 communis
1330 280 1482 320 furoris

85 353 149 390 est
173 348 407 389 furentium
432 347 675 388 multitudo,

167 416 224 456 Et
256 415 413 469 aspicis
450 415 578 456 Isidis
615 415 667 455 ad
703 414 979 455 hirundinem
1016 414 1191 454 sistrum
1218 418 1273 463 et,
1297 414 1483 467 asparsis

84 482 298 531 membris,
321 483 493 523 inanem
513 482 577 523 tui
603 481 819 535 Serapidis
844 482 934 522 sive
961 481 1096 522 Osiris
1120 481 1348 522 tumulum.

555 685 827 726 CHAPTER
865 686 973 726 XXI
982 686 996 725 l
1006 686 1025 725 I

179 778 220 845 ἐξ
251 785 341 828 1-5.
426 785 462 824 T
460 785 508 825 he
532 785 670 825 sacred
694 784 792 824 ritas
816 785 903 823 cml
928 786 1135 837 mysteries
1159 786 1208 838 os
1225 785 1390 825 Roman

658 852 880 904 paycmism
889 884 896 891 .

170 949 401 991 Considera
436 949 619 1004 denique
655 963 775 990 sacra
817 950 909 1003 ipsa
945 954 988 990 et
1024 950 1117 1004 ipsa
1153 951 1382 1004 mysteria:
1418 951 1482 991 in-

86 1017 230 1058 venies
278 1018 418 1058 exitus
465 1017 622 1065 tristes,
663 1017 752 1057 fata
798 1024 840 1057 et
888 1017 1038 1058 funera
1081 1022 1124 1058 et
1170 1017 1311 1059 luctus
1353 1023 1482 1072 atque

85 1084 284 1138 planctus
309 1084 559 1125 miserorum
585 1084 770 1125 deorum.
843 1084 924 1125 Isis
960 1084 1177 1138 perditum
1213 1085 1350 1126 filium
1383 1100 1481 1127 cum

87 1151 383 1206 Cynocephalo
427 1165 502 1192 suo
545 1158 587 1192 et
628 1151 761 1192 calvis
801 1151 1089 1192 sacerdotibus
1132 1151 1260 1206 luget,
1303 1153 1480 1207 plangit,

86 1219 278 1273 inquirit,
321 1224 363 1260 et
406 1218 533 1259 Isiaci
579 1219 724 1260 miseri
766 1218 950 1260 caedunt
996 1224 1167 1272 pectora
1208 1224 1252 1260 et
1293 1220 1480 1261 dolorem

87 1286 404 1327 infelicissimae
446 1286 596 1327 matris
637 1286 889 1326 imitantur:
943 1300 1040 1326 mox
1083 1287 1260 1328 invento
1301 1288 1481 1341 parvulo

86 1353 244 1408 gaudet
279 1353 373 1402 Isis,
398 1353 596 1394 exultant
631 1353 882 1402 sacerdotes,
921 1353 1246 1407 Cynocephalus
1283 1355 1482 1396 inventor

87 1420 305 1475 gloriatur,
330 1434 408 1461 nec
432 1421 636 1462 desinunt
671 1420 795 1461 annis
832 1421 1029 1461 omnibus
1054 1421 1122 1461 vel
1158 1421 1333 1475 perdere
1367 1423 1481 1476 quod

88 1488 317 1529 inveniunt
341 1487 409 1528 vel
435 1487 628 1529 invenire
653 1487 766 1541 quod
796 1488 992 1541 perdunt.
1064 1488 1218 1529 Nonne
1251 1489 1480 1530 ridiculum

87 1559 154 1596 est
176 1555 243 1596 vel
268 1554 410 1609 lugere
436 1555 548 1609 quod
581 1554 692 1596 colas
718 1554 787 1595 vel
815 1555 950 1596 colere
976 1555 1089 1608 quod
1114 1555 1291 1609 lugeas?
1362 1557 1482 1598 Haec

88 1627 232 1663 tamen
271 1621 482 1676 Aegyptia
517 1622 731 1676 quondam
756 1635 871 1662 nunc
906 1627 949 1663 et
984 1636 1103 1663 sacra
1141 1623 1332 1664 Romana
1370 1629 1482 1666 sunt.

89 1689 213 1731 Ceres
237 1689 399 1730 facibus
424 1689 610 1731 accensis
635 1694 678 1730 et
702 1694 895 1743 serpente
919 1690 1194 1738 circumdata,
1220 1705 1359 1732 errore
1384 1693 1482 1732 sub-

88 1761 252 1810 reptam
276 1761 320 1797 et
343 1761 585 1810 corruptam
610 1756 805 1797 Liberam
830 1756 957 1797 anxia
989 1762 1031 1797 et
1066 1757 1249 1799 sollicita
1274 1759 1482 1813 vestigat:

89 1823 191 1865 haec
215 1828 317 1864 sunt
340 1823 568 1865 Eleusinia.
641 1824 696 1863 Et
722 1837 828 1877 quae
848 1823 962 1864 Iovis
981 1837 1097 1865 sacra
1116 1829 1250 1866 sunt?
1319 1827 1482 1867 Nutrix

90 1890 251 1945 capella
280 1895 345 1931 est
373 1895 415 1932 et
443 1891 568 1932 avido
597 1890 710 1944 patri
741 1891 1010 1932 subtrahitur
1039 1891 1192 1941 infans,
1218 1907 1271 1934 ne
1296 1898 1482 1943 voretur,

91 1961 134 1998 et
159 1957 452 2012 Corybantum
477 1958 696 2013 cymbalis,
713 1972 765 1999 ne
790 1962 910 2011 pater
929 1958 1077 1999 audiat
1096 1960 1274 2014 vagitus,
1300 1961 1481 2002 tinnitus

89 2024 273 2066 eliditur.

173 2091 356 2145 Cybelae
381 2091 600 2145 Dindyma
624 2091 756 2145 pudet
781 2091 929 2140 dicere,
955 2105 1062 2145 quae
1088 2093 1330 2135 adulterum
1356 2109 1481 2136 suum

89 2158 316 2200 infeliciter
341 2158 560 2213 placitum,
585 2159 787 2212 quoniam
823 2164 866 2200 et
900 2159 993 2212 ipsa
1028 2160 1231 2202 deformis
1257 2167 1300 2202 et
1325 2163 1482 2211 vetula,

90 2230 138 2267 ut
179 2226 412 2267 multorum
453 2225 629 2267 deorum
671 2230 818 2274 mater,
861 2226 914 2266 ad
955 2232 1154 2281 stuprum
1196 2229 1356 2270 illicere
1395 2244 1480 2270 non

89 2297 267 2346 poterat,
309 2293 511 2342 exsecuit,
553 2298 603 2334 ut
644 2292 769 2334 deum
811 2293 973 2334 scilicet
1020 2296 1176 2336 faceret
1224 2298 1480 2338 eunuchum.

90 2359 267 2414 Propter
290 2360 400 2401 hanc
425 2360 614 2400 fabulam
641 2360 756 2401 Galli
781 2374 873 2401 eam
907 2365 949 2402 et
981 2362 1172 2403 semiviri
1203 2364 1268 2404 sui
1295 2365 1480 2418 corporis

90 2427 297 2482 supplicio
314 2427 469 2468 colunt.
514 2427 632 2469 Haec
648 2427 731 2468 iam
749 2441 832 2468 non
849 2433 950 2469 sunt
966 2442 1105 2470 sacra:
1142 2434 1353 2472 tormenta
1369 2437 1481 2475 sunt.

1503 428 1542 458 10
