1704 2704
96 1172 113 1204 Κ]

92 2502 132 2532 10

163 157 221 196 68
710 155 1010 197 OCTAVIUS

392 309 434 376 ἓξ
464 312 554 356 5-7.
600 316 731 368 Unity
755 316 804 369 of
821 316 885 355 the
908 329 1092 368 supreme
1117 316 1322 356 ordainer.

243 417 302 457 Ni
333 417 451 464 forte,
477 415 679 470 quoniam
713 415 764 456 de
792 414 1062 469 providentia
1090 414 1209 455 nulla
1242 415 1454 456 dubitatio
1485 421 1561 465 est,

158 484 461 538 inquirendum
510 488 648 537 putas,
687 488 835 523 utrum
882 483 1010 523 unius
1057 482 1236 535 imperio
1279 496 1332 522 an
1382 483 1558 524 arbitrio

158 552 441 606 plurimorum
488 550 668 591 caeleste
714 563 890 603 regnum
938 549 1226 603 gubernetur;
1279 551 1392 603 quod
1416 550 1557 604 ipsum

159 633 243 660 non
270 624 334 660 est
364 617 491 658 multi
524 617 679 657 laboris
715 617 880 671 aperire
916 616 1123 671 cogitanti
1160 617 1339 670 imperia
1377 622 1556 667 terrena,

159 687 314 741 quibus
340 685 535 739 exempla
561 685 710 738 utique
737 684 788 724 de
814 684 940 725 caelo.
1013 684 1193 734 Quando
1219 698 1409 738 unquam
1435 685 1556 740 regni

157 755 336 796 societas
374 758 448 793 aut
487 766 583 792 cum
609 752 690 792 fide
732 752 871 805 coepit
913 756 987 792 aut
1019 752 1111 792 sine
1147 765 1292 792 cruore
1328 752 1560 793 discessit?

159 822 325 863 Omitto
374 820 522 861 Persas
570 819 621 860 de
663 833 869 872 equorum
911 819 1085 859 hinnitu
1134 825 1391 873 augurantes
1440 820 1556 874 prin-

158 890 361 944 cipatum,
386 894 429 928 et
465 887 765 928 Thebanorum
798 900 885 939 par,
910 891 1123 927 mortuam
1150 887 1350 935 fabulam,
1376 892 1555 929 transeo.

159 957 224 998 Ob
283 959 503 1010 pastorum
551 959 592 994 et
639 968 759 995 casae
807 968 986 1008 regnum
1027 954 1080 994 de
1125 954 1306 1008 geminis
1354 955 1558 996 memoria.

157 1024 378 1064 notissima
404 1026 478 1063 est.
550 1021 708 1062 Generi
745 1026 787 1062 et
823 1021 955 1062 soceri
992 1021 1104 1061 bella
1140 1026 1229 1062 toto
1265 1021 1365 1062 orbe
1401 1022 1557 1063 diffusa

157 1096 269 1139 sunt,
295 1095 338 1132 et
362 1095 448 1130 tam
475 1089 617 1143 magni
643 1089 811 1142 imperii
836 1088 941 1129 duos
966 1088 1138 1129 fortuna
1163 1102 1247 1129 non
1274 1090 1397 1143 cepit.

241 1158 352 1199 Vide
377 1162 517 1198 cetera
538 1172 545 1196 :
582 1170 657 1197 rex
682 1170 793 1196 unus
818 1156 980 1210 apibus,
1005 1155 1093 1196 dux
1126 1170 1237 1196 unus
1270 1157 1315 1196 in
1347 1157 1556 1211 gregibus,

157 1227 202 1267 in
238 1225 443 1267 armentis
473 1229 609 1265 rector
645 1237 765 1264 unus.
838 1223 900 1263 Tu
936 1223 981 1263 in
1017 1223 1133 1264 caelo
1169 1237 1380 1264 summam
1416 1230 1556 1278 potes—

157 1299 289 1336 tatem
321 1292 457 1333 dividi
486 1291 631 1332 credas
656 1297 698 1332 et
723 1290 860 1331 scindi
885 1290 976 1331 veri
1010 1290 1128 1331 illius
1152 1304 1201 1331 ac
1226 1291 1363 1331 divini
1388 1291 1558 1346 imperii

156 1367 292 1403 totam
340 1360 623 1407 maiestatem,
661 1372 758 1398 cum
807 1357 947 1411 palam
995 1357 1051 1398 sit
1097 1364 1321 1412 parentem
1363 1359 1555 1400 omnium

157 1430 284 1471 deum
323 1441 400 1468 nec
442 1426 704 1481 principium
742 1425 894 1466 habere
936 1439 1015 1466 nec
1057 1425 1300 1475 terminum,
1336 1426 1410 1480 qui
1446 1427 1556 1467 nati-

158 1498 339 1538 vitatem
376 1494 574 1535 omnibus
610 1497 811 1547 praestet,
848 1492 930 1533 sibi
965 1493 1308 1546 perpetuitatem,
1345 1493 1421 1547 qui
1457 1499 1556 1535 ante

156 1563 367 1605 mundum
415 1561 546 1602 fuerit
593 1560 676 1601 sibi
723 1561 814 1615 ipse
861 1573 936 1614 pro
983 1560 1168 1600 mundo:
1227 1561 1301 1614 qui
1349 1561 1559 1609 universa,

156 1643 435 1686 quaecunque
472 1634 585 1678 sunt,
622 1628 750 1668 verbo
786 1627 917 1675 iubet,
942 1627 1105 1668 ratione
1141 1627 1372 1682 dispensat,
1397 1628 1557 1670 virtute

156 1702 434 1741 consummat.

154 1847 196 1914 Q
225 1855 349 1894 8-11.
388 1852 454 1892 He
478 1851 515 1891 is
539 1850 727 1892 invisible
751 1850 837 1890 and
861 1849 1038 1902 iofflnite.
1109 1849 1194 1889 His
1229 1863 1349 1890 name
1383 1850 1421 1890 is
1458 1849 1556 1890 God.

239 1952 326 1992 Hic
352 1965 437 1991 non
462 1949 600 1991 videri
624 1953 766 2003 potest
786 1963 794 1988 :
829 1947 926 1988 visu
955 1947 1109 1988 clarior
1133 1952 1199 1988 est
1218 1961 1227 1997 3
1263 1961 1341 1988 nec
1365 1961 1554 2002 compre-

154 2019 314 2061 hendi:
351 2023 463 2059 tactu
491 2017 648 2071 purior
682 2020 767 2065 est;
804 2029 882 2056 nec
913 2015 1160 2056 aestimari:
1195 2014 1389 2056 sensibus
1424 2015 1558 2056 maior

154 2092 230 2135 est,
254 2086 465 2134 infinitus,
489 2085 736 2132 immensus,
763 2087 806 2123 et
842 2082 921 2123 soli
957 2081 1041 2123 sibi
1072 2086 1230 2129 tantus,
1255 2087 1442 2136 quantus
1480 2088 1556 2132 est,

154 2159 293 2195 notus.
351 2152 487 2193 Nobis
512 2165 612 2192 vero
637 2150 690 2191 ad
727 2149 997 2190 intellectum
1032 2153 1182 2202 pectus
1218 2153 1447 2203 angustum
1480 2155 1556 2199 est,

154 2228 197 2262 et
220 2221 315 2261 ideo
348 2221 409 2261 sic
445 2233 543 2260 eum
582 2218 709 2273 digne
742 2217 1030 2265 aestimamus,
1055 2216 1158 2256 dum
1196 2216 1554 2257 inaestimabilem

153 2289 345 2329 dicimus.
417 2287 604 2340 Eloquar
628 2284 987 2338 quemadmodum
1013 2283 1150 2324 sentio
1171 2298 1178 2323 :
1214 2284 1552 2337 magnitudinem

153 2356 222 2396 dei
257 2355 331 2408 qui
367 2368 410 2395 se
446 2358 573 2408 putat
606 2366 740 2400 nosse,
761 2351 943 2392 minuit:
985 2351 1059 2404 qui
1092 2363 1178 2390 non
1216 2350 1313 2391 vult
1350 2351 1554 2400 minuere,

152 2437 238 2463 non
263 2421 395 2463 novit.

235 2489 326 2530 Nec
364 2501 520 2528 nomen
562 2486 640 2528 deo
686 2499 890 2540 quaeras:
942 2484 1046 2526 deus
1094 2498 1250 2525 nomen
1296 2489 1371 2526 est.
1456 2484 1555 2526 Illic
