1704 2704
676 98 975 140 OCTAVIUS
1463 98 1486 137 5
1497 96 1520 141 7

131 212 264 266 ipsius
290 224 443 265 pravae
467 209 683 263 religionis
709 208 956 249 obscuritas.
1029 207 1114 247 Cur
1133 206 1290 247 etenim
1311 206 1524 247 occultare

131 285 173 319 et
197 277 465 325 abscondere,
491 275 700 330 quidquid
726 275 835 315 illud
861 274 1020 322 colunt,
1039 266 1293 328 magnopere
1314 274 1526 320 nituntur,

132 359 227 386 cum
269 345 447 385 honesta
483 357 648 396 semper
683 342 855 396 publico
886 340 1122 396 'gaudeant‚
1164 340 1322 381 scelera
1364 345 1527 381 secreta

132 414 248 454 sint?
287 426 361 452 cur
397 411 537 451 nullas
573 424 665 450 aras
702 409 873 457 habent,
909 409 1069 462 templa
1106 408 1236 459 nulla,
1273 407 1391 447 nulla
1427 412 1528 447 nota

134 480 371 527 simulacra,
397 491 629 531 numquam
664 476 806 530 palam
841 475 970 529 loqui,
1007 489 1226 529 nunquam
1264 474 1394 515 libere
1430 488 1527 515 con-

132 546 305 601 gregari,
352 546 434 586 nisi
480 544 600 592 illud,
648 544 760 597 quod
808 543 953 584 colunt
1001 547 1042 584 et
1090 542 1408 595 interprimunt,
1456 546 1530 582 aut

136 613 401 667 puniendum
425 618 489 653 est
513 617 588 652 aut
613 611 893 665 pudendum?

218 679 343 721 Unde
364 683 506 720 autem
523 678 591 720 vel
611 679 707 731 quis
727 678 800 719 ille
819 683 894 718 aut
913 677 986 717 ubi
1006 676 1108 717 deus
1126 677 1288 725 unicus,
1304 675 1531 724 solitarius,

136 748 382 795 destitutus,
407 760 533 799 quem
570 759 655 785 non
684 759 785 799 gens
811 745 956 793 libera,
981 758 1066 784 non
1092 758 1231 798 regna,
1257 757 1342 784 non
1379 743 1531 784 saltem

137 816 327 855 Romana
346 813 590 867 superstitio
610 817 820 853 noverunt
839 814 853 852 ‚2
923 811 1178 852 Iudaeorum
1205 811 1292 851 sola
1317 816 1359 851 et
1379 810 1534 850 misera

136 881 356 936 gentilitas
398 894 532 921 unum
574 885 617 921 et
657 880 739 934 ipsi
775 879 914 927 deum,
939 879 1012 919 sed
1048 878 1202 932 palam,
1238 878 1311 919 sed
1348 877 1534 930 templis,

138 949 233 998 aris,
262 948 444 989 victimis
470 948 833 1000 caeremoniisque
857 946 1094 993 coluerunt,
1120 946 1240 986 cuius
1275 945 1378 985 adeo
1414 945 1534 985 nulla

139 1017 203 1056 vis
229 1029 305 1056 nec
329 1020 516 1069 potestas
541 1020 616 1063 est,
640 1020 690 1055 ut
726 1015 782 1054 sit
818 1013 1019 1054 Romanis
1045 1013 1288 1053 hominibus
1325 1026 1422 1053 eum
1459 1025 1534 1052 sua

139 1083 220 1124 sibi
236 1083 408 1123 natione
424 1082 629 1136 captivus.
689 1082 749 1121 At
765 1081 893 1121 etiam
912 1080 1145 1121 Christiani
1164 1084 1325 1133 quanta
1341 1083 1535 1127 monstra,

141 1164 248 1204 quae
272 1154 470 1204 portenta
494 1150 766 1202 confingunt!
836 1148 976 1188 Deum
1001 1147 1124 1187 illum
1150 1161 1287 1195 suum,
1306 1161 1432 1200 quem
1458 1160 1535 1187 nec

141 1217 362 1258 ostendere
398 1221 576 1270 possunt
610 1229 688 1256 nec
724 1215 878 1263 videre,
915 1215 959 1255 in
1002 1215 1193 1255 omnium
1236 1228 1381 1261 mores,
1417 1219 1537 1254 actus

142 1285 344 1332 omnium,
368 1283 497 1325 verba
522 1283 705 1337 denique
730 1287 772 1324 et
797 1282 984 1323 occultas
1009 1282 1285 1336 cogitationes
1311 1281 1537 1334 diligenter

141 1352 365 1406 inquirere,
392 1351 699 1392 discurrentem
726 1349 888 1390 scilicet
913 1354 1040 1403 atque
1061 1349 1219 1403 ubique
1244 1353 1537 1402 praesentem;

143 1418 371 1460 molestum
412 1418 536 1458 illum
577 1418 741 1465 volunt,
789 1416 1043 1470 inquietum,
1091 1416 1363 1470 impudenter
1410 1415 1537 1456 etiam

144 1486 367 1534 curiosum,
403 1485 613 1539 siquidem
649 1490 760 1525 astat
798 1484 921 1524 factis
958 1484 1166 1531 omnibus,
1202 1483 1306 1524 locis
1342 1483 1539 1523 omnibus

144 1555 383 1601 intererrat,
407 1566 505 1593 cum
529 1566 607 1593 nec
631 1551 811 1606 singulis
848 1551 1052 1592 inservire
1077 1551 1210 1604 possit
1235 1563 1308 1603 per
1343 1550 1541 1591 universa

145 1621 368 1662 districtus
394 1634 470 1660 nec
497 1619 704 1661 universis
730 1618 920 1659 sufficere
946 1618 991 1659 in
1015 1617 1193 1672 singulis
1219 1623 1458 1671 occupatus.

656 1817 928 1858 CHAPTER
965 1817 1030 1858 XI

149 1913 190 1977 ἓξ
221 1917 308 1957 1-5.
352 1916 431 1957 The
460 1916 696 1956 Christians
727 1917 944 1957 matutam
972 1917 1063 1956 that
1092 1917 1157 1956 tlte
1182 1917 1369 1957 universe
1393 1917 1481 1957 will
1505 1917 1545 1957 be

283 1984 488 2036 destroyed
513 1983 561 2036 by
576 1984 670 2036 fire,
694 1984 781 2023 [md
805 1984 872 2023 tell
897 1984 964 2024 old
987 1983 1116 2024 ‘wives’
1142 1984 1241 2024 tales
1265 1985 1385 2024 about
1410 1999 1544 2025 resur-

283 2051 434 2091 rection
458 2051 543 2090 and
573 2050 813 2103 everlastiny
845 2051 1064 2104 happiness
1081 2052 1159 2104 sor
1182 2052 1247 2091 tlte
1274 2052 1376 2105 good
1401 2052 1545 2105 (tlce‘m—

283 2119 415 2171 salves)
442 2118 528 2158 and
552 2118 705 2157 eternal
722 2118 995 2170 punishment
1011 2119 1086 2171 for
1110 2119 1173 2159 the
1197 2119 1357 2160 mich-ed.

221 2215 365 2265 Quid?
390 2216 502 2269 quod
528 2221 617 2256 toto
636 2216 726 2256 orbi
751 2221 794 2256 et
813 2216 895 2270 ipsi
921 2217 1079 2257 mundo
1105 2231 1201 2258 cum
1226 2218 1436 2259 sideribus
1462 2219 1548 2259 suis

156 2282 375 2323 minantur
399 2282 657 2332 incendium,
682 2283 849 2324 ruinam
868 2283 1117 2333 moliuntur,
1136 2286 1258 2338 quasi
1277 2290 1352 2326 aut
1373 2292 1549 2327 naturae

156 2349 313 2390 divinis
351 2349 514 2404 legibus
552 2351 811 2391 constitutus
848 2358 1047 2392 aeternus
1083 2353 1184 2392 ordo
1222 2353 1428 2401 turbetur,
1465 2360 1551 2401 aut,

160 2422 285 2470 rupto
322 2416 629 2458 elementorum
655 2417 846 2458 omnium
872 2418 1037 2460 foedere
1074 2424 1117 2460 et
1153 2420 1325 2461 caelesti
1350 2434 1550 2475 compage

1577 1090 1594 1119 ιἾ
