1704 2704
606 98 904 140 OCTAVIUS
1393 94 1448 139 79

58 209 139 250 etsi
180 208 302 248 ludos
343 207 456 254 facit,
499 211 643 248 tamen
682 207 727 246 in
768 205 990 246 hominum
1028 205 1154 245 rebus
1196 208 1238 244 et
1285 203 1452 244 actibus

58 275 240 324 miscuit,
264 275 334 315 hic
369 288 515 315 eorum
550 274 669 328 paria
705 273 953 327 composuit,
990 271 1198 312 sauciavit
1227 271 1451 319 Venerem,

58 343 243 382 Martem
262 342 415 390 vinxit,
434 341 688 389 vulneravit,
707 340 881 394 fugavit.
954 340 1101 379 Iovem
1120 343 1265 378 narrat
1283 337 1453 377 Briareo

57 410 297 458 liberatum,
343 423 396 449 ne
443 422 467 449 a
508 409 588 449 diis
631 407 781 448 ceteris
823 407 1038 461 ligaretur,
1076 410 1118 447 et
1165 404 1451 458 Sarpedonem

59 476 206 525 filium,
231 476 431 530 quoniam
457 476 584 516 morti
609 489 694 515 non
718 479 885 528 poterat
910 474 1084 527 eripere,
1108 473 1265 513 flevisse
1289 476 1332 512 et
1362 471 1452 511 loro

59 543 236 584 Veneris
278 543 472 583 illectum
509 541 760 597 flagrantius
801 555 930 595 quam
971 541 1016 581 in
1059 540 1275 581 adulteras
1318 538 1453 580 soleat

58 624 155 651 cum
182 610 346 650 Iunone
371 623 501 650 uxore
527 609 817 650 concumbere.
888 609 1007 648 Alibi
1032 607 1241 648 Hercules
1267 612 1452 647 stercora

58 677 188 731 egerit
213 681 256 718 et
281 677 437 731 Apollo
463 677 648 717 Admeto
672 690 800 730 pecus
826 676 974 729 pascit.
1049 674 1327 715 Laomedonti
1352 687 1451 713 vero

58 758 198 785 muros
233 745 463 797 Neptunus
499 744 703 793 instituit,
739 757 816 784 nec
852 742 1089 783 mercedem
1126 741 1264 795 operis
1300 740 1451 781 infelix

57 816 240 852 structor
263 811 435 864 accepit.
508 811 604 851 Illic
631 811 746 851 Iovis
783 810 945 850 fulmen
983 823 1080 850 cum
1117 810 1286 849 Aeneae
1322 807 1451 848 armis

56 879 101 919 in
133 878 287 919 incude
318 878 562 927 fabricatur,
587 892 684 919 cum
717 877 882 918 caelum
912 882 955 917 et
990 876 1173 916 fulmina
1205 880 1248 916 et
1284 875 1452 929 fulgura

55 947 179 1000 longe
203 950 302 986 ante
328 945 498 994 fuerint,
524 960 650 999 quain
678 945 872 998 Iuppiter
896 945 940 984 in
967 943 1094 984 Creta
1129 947 1385 990 nasceretur,
1410 946 1452 982 et

56 1013 246 1054 flammas
272 1013 363 1053 veri
398 1013 590 1053 fulminis
624 1026 701 1053 nec
739 1012 919 1065 Cyclops
955 1011 1144 1064 potuerit
1180 1010 1339 1050 imitari
1375 1023 1452 1050 nec

56 1081 146 1134 ipse
172 1080 368 1134 Iuppiter
392 1094 477 1120 non
503 1080 649 1121 vereri.
723 1079 834 1129 Quid
861 1079 1010 1132 loquar
1029 1078 1184 1118 Martis
1209 1082 1252 1118 et
1270 1076 1452 1118 Veneris

54 1147 314 1189 adulterium
339 1147 649 1201 deprehensum
674 1152 717 1188 et
742 1147 786 1186 in
811 1145 1091 1200 Ganymeden
1116 1145 1231 1185 Iovis
1257 1149 1452 1197 stuprum

55 1215 169 1256 caelo
196 1217 517 1256 consecratum?
586 1214 703 1264 Quae
729 1214 871 1254 omnia
896 1214 940 1253 in
966 1213 1044 1253 hoc
1063 1213 1242 1267 prodita,
1262 1218 1310 1252 ut
1335 1211 1453 1252 vitiis

55 1282 277 1323 hominum
303 1282 511 1335 quaedam
536 1282 768 1322 auctoritas
794 1286 1028 1334 pararetur.

370 1384 389 1450 ξ
418 1391 456 1432 8.
498 1391 578 1431 The
603 1391 699 1431 evils
723 1392 772 1444 of
788 1390 885 1430 such
909 1390 1134 1430 literature.

138 1483 221 1524 His
238 1487 364 1537 atque
384 1483 628 1523 huiusmodi
645 1482 858 1537 figmentis
878 1487 920 1523 et
940 1481 1172 1522 mendaciis
1192 1480 1454 1521 dulcioribus

56 1556 386 1604 corrumpuntur
427 1550 597 1604 ingenia
644 1563 884 1604 puerorum,
930 1553 974 1590 et
1015 1549 1149 1590 isdem
1192 1548 1348 1588 fabulis
1389 1548 1452 1588 in-

56 1618 328 1659 haerentibus
354 1617 545 1671 adusque
570 1632 760 1658 summae
785 1616 938 1657 aetatis
962 1616 1091 1656 robur
1127 1616 1387 1664 adolescunt,
1412 1620 1455 1656 et

56 1685 100 1725 in
124 1685 259 1726 isdem
285 1685 555 1738 opinionibus
580 1685 725 1725 miseri
752 1688 1074 1731 consenescunt,
1091 1697 1187 1724 cum
1214 1683 1270 1723 sit
1294 1682 1454 1723 veritas

57 1752 192 1801 obvia,
217 1752 290 1793 sed
315 1752 637 1806 requirentibus.

537 1899 809 1940 CHAPTER
845 1898 973 1939 XXV

90 1987 131 2053 ἓξ
172 1995 259 2034 1-9.
303 1994 382 2033 lee
407 1997 610 2046 yreatness
639 1993 687 2045 of
709 1993 834 2032 Romo
867 1992 903 2032 is
934 1993 1012 2031 clue
1036 1997 1103 2032 ‘not
1129 1997 1166 2032 to
1200 1993 1263 2032 tlzc
1290 1993 1452 2033 ancient

188 2061 365 2113 religion
400 2061 448 2113 of
473 2061 610 2107 Rome,
639 2074 685 2099 as
714 2060 865 2111 allelqed
895 2059 956 2111 (6.
987 2060 1026 2107 2,
1053 2059 1112 2113 3).
1184 2059 1275 2099 Her
1302 2061 1455 2112 empire

187 2142 272 2168 was
296 2128 467 2179 berqotten
487 2127 573 2167 ancl
596 2128 803 2166 nurtzwed
821 2127 867 2166 in
886 2127 1020 2167 crime.
1090 2127 1181 2166 Her
1199 2127 1337 2166 native
1358 2127 1455 2179 qods

190 2209 286 2234 wore
310 2195 530 2245 wealclz'nys
548 2210 560 2242 ,·
598 2194 668 2233 laer
691 2194 864 2246 adopted
883 2194 982 2245 ,qods
1005 2208 1105 2233 were
1129 2194 1276 2234 unable
1301 2199 1338 2234 to
1363 2194 1454 2247 help

190 2263 297 2302 their
320 2276 420 2310 own,
444 2262 566 2301 much
590 2261 662 2301 legs
686 2261 794 2301 their
818 2274 1062 2314 conqueror-3.

140 2354 201 2394 At
233 2359 375 2395 tamen
407 2355 487 2394 ista
523 2354 615 2407 ipsa
651 2353 898 2407 superstitio
937 2353 1140 2394 Romanis
1166 2354 1296 2402 dedit,
1321 2354 1453 2403 auxit,

58 2420 254 2462 fundavit
277 2421 517 2476 imperium,
542 2435 639 2461 cum
666 2435 750 2461 non
782 2426 868 2461 tam
894 2421 1056 2462 virtute
1090 2435 1217 2474 quam
1250 2420 1452 2475 religione
