1704 2704
115 1300 132 1333 *1

182 107 241 147 50
731 107 1033 149 OCTAVIUS

178 214 290 256 infra
343 220 502 256 terram
555 215 767 269 profunda
818 216 1008 256 demersa
1065 221 1175 265 sunt,
1229 222 1304 259 aut
1358 218 1464 259 scire
1526 219 1583 259 sit

178 281 328 323 datum
365 288 442 323 aut
477 287 663 324 scrutare
700 283 956 337 permissum
992 288 1067 324 aut
1102 285 1290 338 stuprari
1326 285 1581 339 religiosum,

178 354 222 391 et
268 350 381 390 beati
431 349 533 390 satis
592 350 781 404 satisque
830 351 1060 404 prudentes
1107 351 1198 392 iure
1256 352 1489 401 videamur,
1544 353 1581 393 si

178 417 413 458 secundum
452 417 559 458 illud
601 422 722 459 vetus
764 418 970 472 sapientis
1006 418 1226 459 oraculum
1262 425 1429 461 nosmet
1464 420 1579 474 ipsos

179 484 432 525 familiarius
504 485 758 526 noverimus.
852 485 935 526 Sed
1007 490 1219 539 quatenus
1306 486 1577 542 indulgentes

179 551 328 592 insano
378 556 508 605 atque
559 552 705 606 inepto
755 552 889 593 labori
938 552 1053 593 ultra
1102 553 1361 595 humilitatis
1409 560 1578 596 nostrae

178 619 383 660 terminos
443 633 671 674 evagamur
729 624 772 661 et
837 620 882 660 in
939 625 1095 661 terram
1164 621 1343 675 proiecti
1413 621 1578 663 caelum

178 686 320 741 ipsum
368 691 410 727 et
451 687 544 740 ipsa
581 687 720 728 sidera
764 687 913 729 audaci
955 688 1191 741 cupiditate
1234 689 1576 730 transcendimus

177 754 247 795 vel
294 754 409 794 hunc
457 767 645 795 errorem
692 755 848 795 saltem
898 768 985 795 non
1048 756 1172 796 vanis
1222 760 1264 797 et
1312 756 1581 797 formidulosi

176 821 447 875 opinionibus
483 821 762 875 implicemus,

176 977 218 1044 Q
258 982 381 1026 7-13.
422 984 623 1026 Caecilius
669 999 839 1037 amnes:
892 985 1125 1039 According]
1166 990 1203 1025 to
1250 986 1315 1026 the
1356 986 1497 1040 theory
1538 988 1586 1040 of

309 1051 519 1105 Epicurus
547 1052 692 1092 chance
722 1053 810 1092 and
837 1057 907 1093 not
938 1053 1081 1093 divine
1104 1053 1348 1106 providenoe
1373 1053 1482 1094 mles
1515 1054 1579 1094 the

309 1119 447 1159 world.
522 1120 584 1160 On
618 1120 729 1160 what
754 1120 867 1160 other
901 1120 1132 1173 hypothesis
1166 1134 1243 1160 ccm
1278 1121 1343 1160 tlte
1378 1121 1575 1162 indiscri-

311 1188 467 1227 minate
481 1188 575 1240 fate
599 1187 650 1240 os
666 1188 730 1227 the
751 1187 854 1240 qood
877 1188 965 1227 and
987 1188 1138 1228 wiclced
1161 1188 1201 1228 be
1226 1188 1442 1241 explained
1458 1189 1476 1229 ,ἲ

260 1287 357 1327 Sint
381 1286 592 1341 principio
618 1287 811 1327 omnium
847 1288 1010 1328 semina
1044 1293 1199 1328 natura
1234 1288 1279 1328 in
1315 1301 1359 1329 se
1395 1294 1573 1330 coeunte

174 1353 361 1403 densata,
387 1355 483 1408 quis
508 1354 577 1395 hic
602 1359 751 1395 auctor
767 1354 903 1396 deus?
952 1355 1047 1396 Sint
1071 1355 1262 1396 fortuitis
1286 1355 1572 1397 concursioni-

174 1421 254 1462 bus
290 1421 422 1462 totius
459 1421 608 1462 mundi
646 1421 834 1463 membra
871 1422 1035 1470 coalita,
1060 1422 1235 1476 digesta,
1261 1422 1451 1472 formata,
1477 1424 1574 1477 quis

173 1488 277 1530 deus
303 1489 602 1530 machinator?
673 1489 819 1530 Sidera
837 1489 938 1530 licet
957 1490 1066 1543 ignis
1086 1490 1327 1531 accenderit
1341 1496 1384 1531 et
1408 1491 1573 1531 caelum

173 1555 273 1597 licet
298 1570 374 1597 sua
398 1557 579 1598 materia
601 1556 871 1611 suspenderit
895 1556 995 1598 licet
1018 1563 1175 1598 terram
1201 1557 1446 1598 fundaverit
1468 1571 1572 1612 pon-

174 1623 271 1664 dere
295 1628 337 1665 et
362 1637 475 1665 mare
500 1624 601 1665 licet
636 1624 854 1665 influxerit
890 1638 912 1665 e
948 1624 1123 1678 liquore,
1149 1625 1263 1665 unde
1287 1624 1390 1666 haec
1415 1625 1572 1679 religio,

174 1690 286 1732 unde
329 1691 522 1740 formido,
557 1705 665 1744 quae
708 1692 955 1746 superstitio
994 1693 1085 1732 est?
1157 1692 1298 1732 Homo
1334 1697 1378 1734 et
1412 1692 1570 1733 animal

174 1771 298 1799 omne
334 1759 447 1812 quod
478 1759 680 1810 nascitur,
716 1759 963 1812 inspiratur,
1002 1759 1226 1807 attollitur,
1262 1759 1569 1800 elementorum

173 1829 223 1866 ut
263 1825 508 1866 voluntaria
544 1827 757 1867 concretio
800 1831 873 1876 est,
921 1827 966 1866 in
1005 1840 1113 1879 quae
1159 1840 1328 1867 rursum
1366 1826 1492 1867 homo
1528 1832 1572 1868 et

173 1892 333 1934 animal
358 1907 481 1934 omne
506 1893 721 1943 dividitur,
747 1893 938 1943 solvitur,
964 1893 1217 1948 dissipatur:
1253 1894 1315 1935 ita
1339 1894 1385 1934 in
1409 1894 1570 1935 fontem

172 1960 359 2001 refluunt
384 1965 426 2001 et
449 1961 495 2001 in
520 1966 653 2002 semet
678 1961 820 2001 omnia
843 1961 1133 2008 revolvuntur,
1153 1960 1272 2002 nullo
1296 1961 1468 2010 artifice,
1493 1975 1571 2003 nec

171 2027 323 2076 iudice,
361 2041 437 2068 nec
473 2033 653 2069 auctore.
725 2028 793 2069 Sic
830 2028 1095 2083 congregatis
1132 2028 1294 2082 ignium
1335 2028 1570 2070 seminibus

172 2093 281 2135 soles
319 2095 425 2135 alios
463 2100 593 2149 atque
632 2095 736 2136 alios
779 2109 944 2149 semper
983 2095 1218 2149 splendere,
1257 2095 1316 2136 sic
1358 2095 1569 2137 exhalatis

172 2167 308 2202 terrae
378 2162 604 2216 vaporibus
663 2162 840 2203 nebulas
897 2176 1062 2216 semper
1119 2162 1366 2210 adolescere,
1413 2163 1568 2216 quibus

171 2228 358 2270 densatis
383 2229 622 2283 coactisque
647 2230 781 2270 nubes
806 2229 935 2271 altius
960 2243 1141 2283 surgere,
1166 2229 1300 2270 isdem
1324 2229 1568 2271 labentibus

170 2296 339 2348 pluvias
386 2296 526 2345 fluere,
574 2297 673 2337 flare
732 2302 893 2345 ventos,
941 2296 1167 2351 grandines
1225 2297 1453 2350 increpare,
1502 2297 1569 2337 vel

171 2363 328 2403 nimbis
369 2363 672 2405 collidentibus
716 2364 906 2404 tonitura
946 2364 1119 2417 mugire,
1163 2363 1339 2404 rutilare
1387 2364 1565 2418 fulgura,

171 2430 352 2470 fulmina
376 2431 657 2484 praemicare:
693 2431 796 2472 adeo
822 2431 978 2485 passim
1003 2432 1175 2479 cadunt,
1194 2436 1361 2472 montes
1387 2432 1567 2479 irruunt,
