1704 2704
635 95 932 138 OCTAVIUS
1424 92 1479 137 75

85 207 228 261 plures
265 207 366 248 totis
404 206 647 247 hominibus
684 207 782 247 deos
818 206 1081 254 haberemus,
1112 209 1160 245 ut
1189 205 1274 244 iam
1305 218 1374 245 eos
1404 218 1482 245 nec

85 274 250 315 caelum
292 274 529 314 contineret
570 287 647 314 nec
688 279 758 314 ae'r
805 277 973 327 caperet
1014 286 1091 312 nec
1135 276 1247 312 terra
1288 276 1479 324 gestaret.

87 340 213 381 Unde
238 341 514 381 manifestum
543 346 607 381 est
636 340 829 381 homines
862 340 958 380 illos
983 340 1126 386 fuisse,
1151 352 1256 392 quos
1289 343 1333 379 et
1360 343 1482 378 natos

87 408 265 461 legimus
291 413 334 448 et
358 412 550 448 mortuos
575 408 742 449 scimus.

554 663 829 704 CHAPTER
876 663 1014 704 XXII

85 766 127 832 ἐξ
157 773 247 813 1-6.
289 773 369 812 The
393 772 678 824 maymflcence
702 772 751 824 of
771 772 833 812 the
857 773 1005 824 imagses
1029 771 1078 824 of
1101 771 1202 810 these
1222 770 1320 823 θοῶς
1343 769 1487 810 strikes

217 839 282 879 tlte
311 840 592 891 ὡηιαῃίηαίίὀη
621 840 670 892 of
696 840 759 879 tlte
790 840 932 887 crowd,
957 853 997 878 30
1028 839 1117 878 that
1135 838 1274 891 people
1303 837 1486 890 actually

218 907 395 960 worship
419 907 506 946 ‘md
520 907 622 959 fem·
651 907 754 946 these
783 908 946 958 iwrayes,
971 911 1039 946 71οί
1069 906 1274 958 reflectings
1298 918 1348 945 on
1380 905 1486 944 their

219 974 414 1014 material
437 988 483 1014 or
508 975 790 1014 construction.

171 1080 276 1130 Quis
301 1095 397 1135 ergo
423 1081 594 1121 dubitat
622 1081 774 1120 horum
805 1081 1011 1133 imagines
1042 1084 1306 1120 consecratas
1332 1078 1486 1133 vulgus

86 1161 200 1189 orare
224 1154 266 1189 et
291 1148 460 1202 publice
487 1148 632 1196 colere,
659 1148 760 1188 dum
794 1148 938 1201 opinio
967 1152 1010 1188 et
1038 1160 1157 1187 1110113
1190 1147 1485 1200 imperitorum

86 1215 188 1256 artis
229 1216 519 1256 concinnitate
556 1215 778 1269 decipitur,
816 1215 908 1255 auri
946 1214 1108 1268 fulgore
1145 1214 1487 1268 praestringitur,

87 1283 252 1337 argenti
299 1283 438 1323 nitore
488 1287 530 1323 et
579 1282 761 1323 candore
814 1282 951 1322 eboris
1004 1281 1262 1322 hebetatur?
1326 1281 1486 1330 Quodsi

87 1350 131 1390 in
174 1350 365 1390 animum
409 1350 502 1403 quis
545 1350 734 1398 inducat,
771 1349 997 1389 tormentis
1040 1349 1195 1402 quibus
1242 1352 1284 1388 et
1331 1348 1487 1401 quibus

86 1417 295 1457 machinis
332 1417 608 1458 simulacrum
649 1431 773 1457 omne
816 1417 1033 1464 formetur,
1075 1416 1294 1456 erubescet
1337 1415 1486 1456 timere

87 1497 131 1524 se
164 1484 384 1525 materiem
422 1485 474 1524 ab
509 1484 685 1532 artifice,
712 1489 760 1524 ut
789 1484 914 1524 deum
940 1484 1111 1532 faceret,
1147 1483 1329 1523 illusam.
1368 1483 1487 1523 Deus

87 1551 201 1592 enim
242 1551 419 1605 ligneus,
458 1551 546 1606 rogi
589 1552 767 1591 fortasse
809 1551 877 1592 vel
915 1550 1098 1591 infelicis
1141 1550 1300 1603 stipitis
1338 1550 1486 1603 portio,

87 1619 372 1671 suspenditur,
399 1619 600 1666 caeditur,
626 1618 806 1667 dolatur,
832 1618 1093 1658 runcinatur.
1132 1617 1186 1657 Et
1211 1617 1314 1657 deus
1339 1630 1486 1657 aereus

86 1685 154 1725 vel
190 1691 417 1739 argenteus
459 1686 511 1726 de
552 1686 773 1726 immundo
809 1685 982 1726 vasculo
1025 1685 1206 1737 saepius,
1243 1689 1292 1724 ut
1325 1685 1485 1724 factum

84 1753 299 1806 Aegyptio
341 1754 440 1807 regi,
478 1753 697 1802 conflatur,
726 1753 925 1793 tunditur
966 1752 1131 1792 malleis
1174 1756 1216 1792 et
1258 1751 1486 1791 incudibus

86 1820 316 1873 figuratur:
367 1825 410 1860 et
457 1820 649 1873 lapideus
697 1821 794 1860 dens
842 1819 1045 1867 caeditur,
1088 1818 1307 1871 scalpitur,
1351 1824 1393 1859 et
1435 1818 1486 1858 ab

86 1887 299 1940 impurato
340 1888 511 1927 homine
554 1887 777 1941 levigatur,
813 1901 890 1927 nec
933 1886 1066 1926 sentit
1109 1900 1209 1926 suae
1248 1886 1487 1926 nativitatis

87 1953 299 2003 iniuriam,
351 1954 412 1994 ita
470 1960 519 1994 ut
577 1968 654 1995 nec
712 1959 857 2008 postea
910 1953 961 1994 de
1015 1958 1157 1993 vestra
1215 1953 1487 1993 veneratione

91 2020 312 2062 culturam.

174 2088 270 2129 Nisi
297 2089 406 2129 forte
449 2088 639 2128 nondum
675 2088 778 2128 deus
821 2102 971 2128 saxum
1013 2093 1078 2128 est
1107 2087 1176 2127 vel
1217 2087 1383 2141 lignum
1420 2087 1488 2127 vel

91 2160 323 2208 argentum.
379 2155 559 2204 Quando
590 2156 721 2210 igitur
754 2156 822 2195 hic
856 2155 1077 2195 nascitur?
1147 2155 1254 2194 Ecce
1281 2154 1489 2203 funditur,

92 2221 332 2271 fabricatur,
358 2223 592 2276 sculpitur:
631 2223 819 2262 nondum
845 2222 949 2262 deus
979 2227 1066 2271 est,
1103 2235 1198 2262 ecce
1228 2221 1488 2274 plumbatur,

93 2290 365 2337 construitur,
395 2290 595 2342 erigitur:
633 2304 709 2330 1100
739 2290 877 2329 Δ(11111110
910 2290 1013 2329 <leus
1044 2295 1133 2339 est,
1170 2303 1266 2329 0000
1301 2294 1489 2335 ornatur,

92 2362 372 2405 consecratur,
402 2363 573 2397 oratur:
610 2364 713 2397 tunc
746 2363 959 2410 postremo
993 2356 1096 2396 deus
1127 2361 1203 2403 est,
1234 2370 1329 2395 011111
1363 2356 1489 2395 honio

94 2422 216 2463 illum
242 2424 382 2464 voluit
407 2429 449 2464 et
474 2424 697 2464 dedicavit.

1530 2094 1547 2123 (11
