1704 2704
647 99 946 141 OCTAVIUS
1435 99 1494 138 49

103 221 266 261 semper
291 211 366 247 aut
390 207 573 260 accipiat
598 211 672 247 aut
698 207 839 255 faciat,
865 206 938 247 sed
974 212 1022 246 ut
1055 205 1218 246 arbiter
1242 210 1285 245 et
1306 204 1498 257 utrisque

103 275 319 328 proximus
366 287 488 315 aures
542 273 685 314 darem
733 278 776 314 et
824 270 1111 327 disceptantes
1170 272 1275 312 duos
1334 271 1498 312 medius

102 354 371 395 segregarem.

620 472 893 513 CHAPTER
940 472 978 511 V

106 569 146 630 ξξ
178 575 265 615 1-6.
307 575 507 615 (lavemus
543 574 675 627 beqins
712 574 774 613 the
811 578 1027 625 argument
1063 573 1164 613 wz'tla
1201 587 1257 612 (m
1289 573 1437 625 ccppeal
1463 577 1499 611 to

110 633 139 634 ἡ
238 641 452 681 Minucius
487 646 525 682 to
559 641 655 681 hold
691 642 754 680 the
790 641 953 680 balance
989 641 1135 693 evenly.
1205 640 1271 679 He
1309 654 1501 693 cwpresses

238 710 420 761 suoprise
456 709 545 748 that
582 709 776 761 iynorant
827 721 916 747 men
954 710 1003 759 os
1037 722 1087 748 no
1124 708 1321 760 stcmdiqzy
1355 707 1501 747 should

237 777 326 828 [sive
350 790 376 815 α
411 776 576 829 definite
611 776 782 828 opinion
806 789 857 814 (m
894 780 1060 815 *matters
1096 775 1185 814 that
1223 775 1324 814 have
1361 774 1501 828 baffled

235 843 516 896 philosopham
539 844 585 883 in
612 857 725 895 every
749 856 828 895 aye.

192 943 299 983 Turn
337 943 396 983 sic
436 942 644 983 Caecilius
696 956 869 983 exorsus
916 949 1005 983 est:
1066 944 1370 995 “Quamquam
1413 941 1505 989 tibi,

110 1010 254 1051 Marce
290 1010 433 1058 frater,
458 1009 509 1050 de
545 1023 628 1063 quo
665 1023 761 1049 cum
798 1010 982 1050 maxime
1023 1009 1268 1063 quaerimus
1316 1022 1401 1048 non
1449 1009 1506 1048 sit

111 1077 368 1131 ambiguum,
413 1081 556 1130 utpote
598 1090 695 1117 cum
743 1076 968 1131 diligenter
1010 1077 1054 1117 in
1102 1081 1283 1129 utroque
1331 1075 1505 1116 vivendi

110 1157 261 1199 genere
286 1148 480 1185 versatus
506 1144 742 1198 repudiaris
773 1144 965 1192 alterum,
991 1145 1171 1184 alterum
1209 1143 1506 1197 comprobaris,

112 1211 510 1265 impraesentiarum
547 1216 689 1252 tamen
726 1211 785 1251 ita
816 1211 896 1252 tibi
921 1211 1212 1251 informandus
1238 1216 1303 1251 est
1327 1210 1506 1257 animus,

112 1283 160 1319 ut
184 1278 335 1319 libram
361 1283 506 1319 teneas
531 1278 776 1332 aequissimi
801 1279 953 1319 iudicis
973 1279 1113 1319 necin
1139 1278 1317 1319 alteram
1342 1282 1508 1332 partem

113 1359 349 1400 propensus
374 1346 607 1394 incumbas,
632 1360 685 1386 ne
712 1360 795 1385 non
824 1351 910 1386 tam
936 1360 987 1386 ex
1014 1346 1171 1386 nostris
1205 1344 1506 1398 disputationi-

115 1414 191 1453 bus
217 1417 318 1453 nata
334 1413 549 1454 sententia
568 1426 696 1466 quam
716 1427 766 1454 ex
793 1414 878 1454 tuis
904 1414 1097 1454 sensibus
1117 1413 1280 1466 prolata
1300 1412 1507 1453 videatur.

115 1479 295 1520 Proinde
315 1480 350 1520 si
375 1480 481 1520 mihi
506 1481 627 1534 quasi
653 1494 788 1520 novus
814 1481 946 1534 aliqui
971 1486 1014 1521 et
1039 1481 1161 1533 quasi
1185 1480 1355 1533 ignarus
1376 1479 1511 1533 partis

116 1547 340 1601 utriusque
366 1547 568 1595 considas,
587 1547 751 1587 nullum
781 1549 994 1601 negotium
1014 1554 1078 1588 est
1103 1548 1349 1601 patefacere,
1370 1547 1510 1586 omnia

116 1615 159 1654 in
208 1614 332 1655 rebus
380 1614 579 1655 humanis
627 1615 768 1663 dubia,
816 1615 990 1663 ineerta,
1038 1628 1243 1668 suspensa
1290 1614 1509 1667 magisque

117 1682 258 1722 omnia
294 1682 544 1722 verisimilia
584 1696 711 1735 quam
748 1695 858 1723 vera.
930 1682 1022 1732 Quo
1063 1682 1197 1737 magis
1245 1682 1401 1722 mirum
1449 1686 1513 1721 est

119 1748 345 1789 nonnullos
382 1749 522 1790 taedio
558 1749 879 1802 investigandae
916 1750 1086 1803 penitus
1113 1749 1306 1790 veritatis
1332 1748 1512 1789 cuilibet

117 1816 306 1870 opinioni
343 1820 499 1857 temere
542 1818 812 1857 succumbere
860 1830 986 1870 quani
1034 1818 1076 1856 in
1121 1816 1379 1870 explorando
1420 1829 1511 1869 per-

118 1883 248 1923 tinaci
306 1883 528 1937 diligentia
589 1897 867 1936 perseverare.
975 1884 1128 1938 Itaque
1202 1883 1511 1938 indignandum

120 1950 326 1999 omnibus,
373 1950 719 1992 indolescendum
774 1957 838 1992 cst
880 1951 1034 1992 audere
1081 1951 1298 2005 quosdam,
1334 1956 1376 1992 et
1435 1950 1511 1990 hoc

121 2017 356 2058 studiorum
398 2018 534 2066 rudes,
576 2018 814 2059 litterarum
861 2019 1071 2072 profanos
1115 2022 1308 2072 expertes
1356 2017 1511 2058 artium

121 2084 250 2125 etiam
297 2085 574 2134 sordidarum,
623 2091 783 2126 certum
839 2086 1001 2140 aliquid
1062 2086 1112 2126 de
1161 2099 1327 2126 summa
1373 2098 1512 2126 rerum

120 2164 168 2191 ac
215 2152 434 2193 maiestate
480 2152 715 2201 decernere,
764 2153 814 2193 de
861 2167 945 2206 qua
986 2158 1049 2194 tot
1096 2153 1292 2194 omnibus
1336 2151 1515 2193 saeculis

121 2223 332 2259 sectarum
401 2219 682 2273 plurimarum
730 2233 863 2274 usque
922 2220 1059 2261 adhuc
1110 2221 1199 2274 ipsa
1247 2219 1515 2273 philosophia

124 2284 336 2328 deliberat.
424 2286 514 2327 Nec
562 2287 788 2335 immerito,
835 2301 931 2328 cum
980 2292 1149 2328 tant-um
1198 2287 1308 2327 absit
1350 2287 1402 2327 ab
1444 2300 1514 2326 ex-

126 2351 360 2404 ploratione
402 2353 548 2394 divina
590 2355 777 2395 humana
818 2355 1100 2403 mediocritas,
1138 2360 1186 2394 ut
1224 2368 1359 2407 neque
1408 2367 1515 2406 quac

127 2431 252 2472 supra
298 2434 374 2460 nos
423 2420 537 2461 caelo
590 2435 793 2475 suspensa
846 2422 1015 2462 sublata
1070 2426 1170 2461 sunt
1220 2436 1356 2474 neque
1410 2435 1516 2473 quae

1360 2499 1384 2527 n
