1704 2704
113 2044 130 2074 QX

116 2313 133 2341 6

166 104 225 144 48
715 102 1012 145 OCTAVIUS

164 213 373 254 fluctuum
415 213 644 267 levigatam
680 213 817 267 legere
855 212 907 252 de
943 212 1079 261 litore,
1115 225 1208 253 eam
1244 215 1401 253 testam
1438 211 1565 265 plano

163 280 250 322 situ
276 280 423 335 digitis
448 280 797 334 comprehensam
822 279 1025 320 inclinem
1044 279 1185 333 ipsum
1205 284 1334 333 atque
1358 278 1565 319 humilem

165 352 373 402 quantum
416 352 558 402 potest
593 361 718 401 super
750 346 887 388 undas
923 347 1113 395 irrotare,
1149 351 1200 387 ut
1234 346 1343 386 illud
1379 346 1565 387 iaculum

163 415 232 456 vel
275 415 447 456 dorsum
488 415 617 456 maris
666 415 834 456 raderet
875 418 1079 463 enataret,
1121 414 1224 454 dum
1270 413 1358 454 leni
1400 413 1565 467 impetu

165 483 338 531 labitur,
363 483 432 523 vel
469 482 648 523 summis
683 482 885 523 fiuctibus
922 482 1057 522 tonsis
1093 481 1295 522 emicaret
1321 487 1567 534 emergeret,

165 550 267 590 dum
292 550 461 591 assiduo
485 549 600 590 saltu
626 549 883 591 sublevatur.
957 549 1000 590 Is
1038 562 1081 589 se
1117 549 1160 589 in
1192 548 1335 602 pueris
1361 548 1566 589 victorem

166 618 338 666 ferebat,
364 618 484 658 cuius
510 622 623 659 testa
647 623 690 658 et
714 622 980 671 procurreret
1017 616 1184 671 longius
1222 621 1264 656 et
1298 615 1567 669 frequentius

166 684 366 726 exsiliret.

671 873 944 915 CHAPTER
992 873 1057 913 IV

170 983 370 1024 Caecilius
395 981 626 1036 questioned
651 995 695 1021 (cs
720 985 757 1021 to
782 981 847 1020 lais
866 981 1059 1033 dejcction
1074 980 1229 1021 acbnzits
1247 980 1312 1020 lm's
1330 984 1569 1020 resentmmzt

302 1050 388 1090 (md
412 1049 633 1101 challenyes
660 1048 849 1089 Octavius
874 1052 911 1088 to
936 1062 962 1087 α
987 1048 1222 1088 discussion.
1295 1047 1511 1088 Minucius
1535 1047 1572 1087 is

290 1118 428 1171 judqe

255 1224 404 1278 Igitur,
419 1237 518 1264 cum
539 1235 684 1263 omnes
710 1223 787 1262 hac
808 1221 1043 1275 spectaculi
1069 1221 1285 1275 voluptate
1311 1234 1570 1274 caperemur,

171 1291 381 1333 Caecilius
416 1290 525 1331 nihil
562 1290 783 1331 intendere
819 1302 957 1342 neque
998 1288 1050 1329 de
1098 1289 1373 1329 contentione
1421 1288 1570 1337 ridere,

172 1358 245 1401 sed
282 1363 438 1407 tacens,
467 1358 634 1405 anxius,
667 1360 911 1411 segregatus
947 1355 1088 1397 dolere
1124 1356 1268 1397 nescio
1304 1355 1408 1409 quid
1444 1355 1570 1396 vultu

170 1426 393 1468 fatebatur.
467 1425 546 1466 Cui
565 1439 640 1478 ego
658 1441 665 1465 :
701 1429 721 1443 “
739 1423 851 1472 Quid
871 1424 949 1463 hoc
969 1428 1034 1464 est
1048 1424 1108 1464 rei
1126 1425 1151 1468 Z
1177 1437 1252 1464 cur
1270 1437 1355 1463 non
1379 1436 1572 1477 agnosco,-

172 1493 344 1543 Caecili,
369 1493 635 1533 alacritatem
672 1496 791 1533 tuam
828 1491 948 1531 illam
985 1496 1027 1531 et
1052 1490 1171 1531 illam
1196 1490 1416 1531 oculorum
1441 1490 1571 1531 etiam

169 1562 213 1602 in
240 1561 360 1602 seriis
385 1560 648 1601 hilaritatem
675 1559 874 1613 requiro?
894 1558 913 1574 ’¹
984 1559 1092 1598 Tum
1117 1558 1216 1599 ille:
1253 1561 1271 1577 “
1289 1558 1381 1598 Iam
1407 1557 1570 1598 dudum

170 1644 237 1670 me
264 1628 415 1669 Octavi
442 1627 578 1669 nostri
603 1627 758 1668 acriter
783 1626 902 1680 angit
927 1630 971 1666 et
998 1626 1210 1666 remordet
1245 1625 1391 1674 oratio,
1417 1638 1502 1678 qua
1525 1625 1570 1664 in

171 1702 213 1737 te
237 1697 435 1737 invectus
460 1695 701 1749 obiurgavit
736 1693 1040 1748 neglegentiae,
1061 1698 1110 1733 ut
1146 1707 1212 1733 me
1248 1691 1570 1733 dissimulanter

169 1763 340 1818 gravius
365 1767 559 1817 argueret
583 1761 845 1802 inscientiae.
918 1760 1072 1814 Itaque
1096 1759 1339 1814 progrediar
1364 1759 1543 1800 ulterius
1563 1774 1570 1800 :

171 1831 223 1872 de
248 1835 338 1872 toto
364 1831 530 1883 integro
554 1829 661 1869 mihi
686 1842 784 1869 cum
811 1827 990 1869 Octavio
1026 1841 1092 1868 res
1129 1832 1203 1867 est.
1276 1826 1319 1867 Si
1346 1826 1496 1880 placet,
1521 1831 1571 1868 ut

171 1898 306 1952 ipsius
353 1903 494 1939 sectae
545 1897 671 1937 homo
725 1909 822 1936 cum
869 1909 917 1936 eo
964 1895 1191 1948 disputem,
1238 1894 1323 1934 iam
1382 1893 1571 1947 profecto

171 1965 398 2020 intelleget
421 1964 589 2006 facilius
614 1977 704 2005 esse
728 1963 772 2003 in
799 1961 1175 2003 contubernalibus
1199 1961 1418 2015 disputare
1443 1974 1571 2014 quam

173 2047 391 2074 conserere
416 2031 668 2086 sapientiam
685 2046 694 2082 3
730 2030 854 2071 modo
873 2030 918 2070 in
937 2029 1031 2070 istis
1052 2028 1105 2069 ad
1123 2029 1303 2069 tutelam
1323 2027 1571 2069 balnearum

172 2101 296 2141 iactis
342 2104 387 2141 et
433 2099 478 2139 in
525 2098 662 2139 altum
714 2097 1061 2151 procurrentibus
1112 2100 1332 2150 petrarum
1379 2095 1571 2136 obicibus

173 2167 421 2215 residamus,
470 2171 519 2207 ut
564 2172 607 2207 et
654 2165 916 2220 requiescere
960 2163 1011 2205 de
1057 2163 1212 2204 itinere
1259 2163 1470 2216 possimus
1529 2167 1573 2203 et

172 2234 382 2276 intentius
406 2233 657 2287 disputare.''

259 2302 315 2342 Et
355 2315 452 2342 cum
494 2300 610 2341 dicto
648 2300 739 2340 eius
781 2298 1026 2346 assedimus,
1063 2297 1123 2338 ita
1160 2303 1209 2337 ut
1245 2310 1311 2337 me
1347 2310 1398 2337 ex
1436 2295 1572 2337 tribus

175 2369 363 2410 medium
388 2368 534 2409 lateris
570 2367 803 2408 ambitione
839 2369 1135 2419 protegerent3
1169 2378 1246 2405 nec
1282 2364 1361 2404 hoc
1397 2363 1572 2416 obsequi

175 2436 257 2476 suit
294 2440 369 2476 aut
393 2435 556 2476 ordinis
593 2438 667 2475 aut
703 2433 886 2481 honoris,
912 2431 1071 2486 quippe
1107 2445 1203 2472 cum
1228 2430 1419 2472 amicitia
1451 2443 1571 2484 pares
