1704 2704
674 120 972 162 OCTAVIUS
1462 122 1518 162 63

125 233 212 274 “Id
237 231 348 286 quod
374 231 649 279 criminaris‚''
677 231 865 284 inquam,
889 230 971 270 “in
1005 244 1241 278 commune,
1267 231 1348 271 nisi
1386 231 1522 280 fallor,
1565 239 1583 267 2

124 299 422 354 compendium
470 298 642 352 protuli,
689 302 738 338 ut
785 297 978 338 examine
1037 297 1285 351 scrupuloso
1332 302 1521 338 nostram

124 366 382 407 sententiam
418 379 505 406 non
540 365 809 418 eloquentiae
846 370 1022 412 tumore,
1051 365 1125 405 sed
1154 378 1295 404 rerum
1331 364 1519 418 ipsarum

123 433 341 474 soliditate
412 432 627 474 libremus.
714 432 806 472 Nee
863 431 1090 480 avocanda,
1149 431 1262 484 quod
1321 432 1521 484 quereris,

122 500 285 541 diutius
326 499 523 547 intentio,
561 513 656 539 cum
696 503 786 539 toto
827 498 997 539 silentio
1040 498 1166 539 liceat
1204 499 1519 552 responsionem

123 567 297 608 Ianuari
323 567 459 607 nostri
482 567 567 607 iam
592 566 817 620 gestientis
841 565 1022 606 audire.''

605 767 875 809 CHAPTER
925 768 1032 808 XVI

120 862 161 928 ἓξ
193 869 270 908 1-4
299 870 488 910 Octavius
523 870 750 922 complains
774 869 863 908 that
891 868 1093 909 Caecilius
1127 868 1202 908 has
1225 868 1316 907 been
1340 868 1519 922 slcz'ftz'aq

253 936 319 976 his
338 937 532 989 position,
569 950 658 976 now
692 936 872 988 damliay
908 936 972 975 thie
1007 936 1193 975 wisconem
1228 936 1277 988 of
1295 936 1402 988 qods,
1429 949 1519 975 rnow

251 1004 406 1055 statingy
437 1004 504 1043 lais
539 1003 662 1055 belief
679 1004 727 1042 in
761 1003 874 1042 them.
950 1003 1051 1042 This
1085 1003 1387 1055 inconsistenoy,
1411 1003 1517 1043 how-

253 1084 351 1118 ever,
370 1071 406 1110 z'S
429 1071 507 1110 due
532 1074 600 1110 not
624 1075 663 1110 to
687 1084 773 1122 omps
801 1070 1031 1122 dishonesty
1056 1084 1108 1109 οη
1124 1070 1189 1109 Ῐιίδ
1202 1070 1385 1122 friond’s
1402 1075 1517 1123 part,

252 1138 320 1177 but
346 1142 382 1177 to
408 1151 434 1176 a
458 1142 569 1177 want
594 1138 760 1190 osfioeed
782 1137 1014 1190 principles.

204 1235 259 1276 Et
312 1236 541 1277 Octavius:
600 1235 791 1277 “Dicam
850 1235 1060 1289 equidem,
1118 1240 1167 1276 ut
1224 1240 1383 1289 potero,
1442 1249 1515 1290 pro
1561 1244 1572 1272 1

117 1302 291 1352 viribus,
328 1307 371 1344 et
403 1303 683 1343 adnitendum
722 1303 801 1343 tibi
830 1317 997 1343 mecum
1036 1307 1112 1351 est,
1136 1308 1185 1344 ut
1224 1303 1512 1344 conviciorum

116 1370 421 1411 amarissimam
447 1370 585 1410 labem
611 1370 834 1411 verborum
854 1370 1068 1411 veracium
1088 1370 1263 1410 flumine
1289 1370 1514 1412 diluamus.

116 1436 207 1477 Nec
259 1437 538 1478 dissimulabo
596 1437 807 1491 principio
854 1438 915 1477 ita
956 1437 1127 1478 Natalis
1165 1438 1249 1478 mei
1286 1442 1512 1488 errantem,

116 1517 278 1557 vagam,
335 1504 541 1545 lubricam
604 1510 776 1545 nutasse
835 1505 1106 1553 sententiam,
1165 1511 1212 1544 ut
1271 1505 1326 1544 sit
1390 1505 1512 1545 nobis

115 1571 416 1625 ambigendum
477 1576 623 1612 utrum
686 1574 808 1624 vafra
869 1573 1044 1612 ‹lietz'onc
1104 1572 1273 1612 turbata
1338 1572 1395 1613 sit
1457 1586 1510 1612 an

116 1638 379 1679 vacillaverit
426 1652 499 1692 per
546 1652 742 1680 errorem.
814 1639 922 1679 Nam
973 1639 1143 1680 interim
1187 1638 1286 1679 deos
1332 1639 1511 1687 credere,

114 1705 287 1746 interim
324 1719 367 1746 se
408 1706 639 1747 deliberare
675 1707 869 1754 variavit,
907 1712 953 1746 ut
1000 1706 1302 1759 propositionis
1349 1706 1512 1748 incerto

115 1772 318 1813 incertior
353 1774 641 1827 responsionis
675 1778 844 1815 nostrae
874 1773 1058 1814 intentio
1094 1773 1354 1814 fundaretur.
1429 1774 1509 1815 Sed

115 1839 159 1879 in
188 1839 339 1880 Natali
365 1854 458 1881 meo
494 1840 726 1881 versutiam
764 1840 874 1890 nolo,
900 1854 985 1881 non
1020 1841 1170 1881 credo:
1196 1840 1341 1894 procul
1368 1847 1432 1882 est
1457 1842 1509 1882 ab

114 1906 203 1947 eius
239 1907 516 1961 simplicitate
551 1907 720 1948 subtilis
756 1908 986 1948 urbanitas.
1059 1908 1170 1956 Quid
1212 1908 1375 1961 igitur?
1447 1909 1510 1950 Ut
1551 1916 1569 1945 3

115 1974 188 2027 qui
235 1979 394 2015 rectam
442 1975 556 2015 viam
603 1975 750 2022 nescit,
798 1975 883 2023 ubi,
921 1982 967 2015 ut
1003 1975 1085 2027 sit,
1132 1975 1177 2015 in
1225 1975 1368 2029 plures
1424 1990 1509 2016 una

115 2040 375 2090 diffinditur,
412 2041 511 2094 quia
546 2042 659 2081 viam
687 2042 833 2089 nescit,
858 2042 1004 2083 haeret
1028 2043 1180 2082 anxius
1206 2056 1283 2083 nec
1319 2043 1507 2096 singulas

114 2107 242 2148 audet
266 2108 418 2162 eligere
444 2123 519 2149 nec
546 2109 766 2149 universas
803 2109 1005 2162 probare:
1030 2109 1100 2158 sic,
1125 2109 1193 2149 cui
1218 2123 1302 2149 non
1329 2115 1393 2150 est
1418 2111 1506 2150 veri

114 2174 264 2216 stabile
289 2175 506 2224 iudicium,
532 2181 661 2228 prout
688 2176 818 2216 infida
852 2176 1036 2229 suspicio
1073 2176 1298 2230 spargitur,
1324 2177 1383 2217 ita
1417 2178 1506 2218 eius

114 2241 242 2281 dubia
265 2242 408 2295 opinio
444 2243 684 2296 dissipatur.
757 2242 937 2283 Nullum
974 2243 1119 2297 itaque
1148 2244 1401 2284 miraculum
1432 2250 1507 2292 est,
1549 2256 1563 2283 4

113 2308 147 2347 si
195 2308 404 2349 Caecilius
446 2309 678 2350 identidem
718 2311 760 2349 in
804 2310 1023 2350 contrariis
1071 2324 1118 2351 ac
1167 2312 1505 2364 repugnantibus

115 2374 306 2424 iactetur,
364 2381 541 2425 aestuet,
590 2377 826 2418 fluctuetur.
898 2378 1018 2426 Quod
1070 2392 1120 2418 ue
1184 2380 1254 2418 fiat
1315 2378 1505 2427 ulterius,

114 2443 360 2483 convincam
403 2448 446 2483 ot,
502 2444 748 2495 redarguam
793 2445 989 2497 quamvis
1028 2445 1194 2485 diversa
1242 2460 1349 2498 quac
1392 2446 1502 2486 dicta

1554 1648 1572 1676 m
