1704 2704
173 109 233 149 46
719 107 1019 151 OCTAVIUS

171 240 371 296 cogitatio
397 239 653 288 volveretur,
672 240 716 280 in
742 239 816 280 illo
842 241 1067 295 praecipue
1087 254 1279 283 sermone
1298 242 1389 284 eius
1414 243 1571 284 mentis

170 321 288 348 meae
335 307 492 348 resedit
539 307 735 356 intentio,
773 321 856 361 quo
901 309 941 358 Q.
986 308 1220 350 Caecilium
1261 309 1570 363 superstitiosis

170 375 436 416 vanitatibus
468 375 715 416 etiamnunc
754 374 1047 417 inhaerentem
1083 376 1375 429 disputatione
1409 378 1568 431 gravis-

170 443 276 483 sima
301 442 353 483 ad
379 455 523 484 veram
550 442 798 496 religionem
823 443 1081 484 reformavit.

622 737 626 739 -
683 673 957 715 CHAPTER
1006 674 1051 713 II

204 785 279 825 Αη
303 787 515 825 εξεσῑινεῑοη
538 789 577 824 to
604 784 715 826 Ostia
742 798 793 824 on
819 785 882 824 the
906 785 1086 824 occasion
1110 785 1158 836 of
1178 783 1401 825 Octavius’s
1424 785 1521 825 visit

321 857 358 892 to
382 852 518 893 Rome.
559 851 761 893 Caecilius
784 851 934 891 salutes
958 866 985 892 a
1008 856 1140 892 statue
1164 854 1214 904 of
1230 851 1407 905 Serapis.

249 962 361 1002 Nam
381 961 542 1016 negotii
566 966 609 1001 et
628 960 794 1001 visendi
814 960 897 1000 mei
921 960 1059 1013 gratia
1078 960 1256 1000 Romam
1276 960 1565 1010 contenderat,

162 1029 311 1070 relicta
353 1028 489 1077 domo,
533 1028 722 1081 coniuge,
763 1027 921 1075 liberis,
958 1027 1183 1080 et—quod
1226 1032 1290 1068 est
1332 1028 1376 1068 in
1419 1028 1564 1070 liberis

162 1095 597 1136 amabilius—adhuc
622 1096 746 1135 annis
770 1095 1070 1135 innocentibus
1100 1101 1141 1135 et
1172 1095 1309 1135 adhuc
1340 1095 1565 1137 dimidiata

162 1164 290 1204 verba
337 1163 661 1217 temptantibus,
697 1162 911 1215 loquelam
957 1162 1048 1216 ipso
1096 1163 1345 1203 offensantis
1392 1162 1563 1217 linguae

159 1231 367 1286 fragmine
403 1230 646 1271 dulciorem.
720 1230 814 1279 Quo
849 1230 894 1269 in
931 1229 1121 1270 adventu
1149 1230 1240 1270 eius
1273 1244 1359 1270 non
1388 1244 1561 1284 possum

159 1298 395 1352 exprimere
421 1298 698 1346 sermonibus,
721 1302 882 1350 quanto
902 1310 1115 1351 quamque
1139 1297 1384 1351 impatienti
1407 1298 1561 1352 gaudio

158 1365 455 1415 exultaverim,
513 1379 610 1406 cum
669 1370 843 1419 augeret
903 1364 1088 1405 maxime
1152 1364 1364 1405 laetitiam
1420 1379 1559 1406 meam

157 1433 405 1474 amicissimi
431 1433 614 1474 hominis
638 1432 859 1486 inopinata
883 1432 1155 1486 praesentia„

242 1501 383 1555 Igitur
430 1507 527 1554 post
574 1514 709 1540 unum
757 1505 801 1540 et
847 1499 1028 1540 alterum
1076 1499 1200 1548 diem,
1244 1513 1340 1540 cum
1382 1500 1467 1540 iam
1515 1505 1559 1541 et

155 1568 408 1609 aviditatem
441 1567 639 1609 desiderii
666 1567 866 1620 frequens
898 1566 1166 1607 assiduitatis
1203 1580 1304 1607 usus
1338 1567 1558 1620 implesset

155 1640 198 1676 et
233 1649 341 1690 quae
377 1649 452 1689 per
488 1635 726 1676 absentiam
768 1639 963 1674 mutuam
999 1634 1051 1675 de
1086 1634 1208 1674 nobis
1250 1634 1553 1683 nesciebamus,

154 1702 359 1744 relatione
396 1703 562 1744 alterna
599 1702 963 1756 comperissemus,
999 1701 1163 1755 placuit
1200 1701 1364 1742 Ostiam
1400 1706 1557 1756 petere,

153 1770 498 1811 amoenissimam
523 1770 759 1818 civitatem,
779 1769 891 1822 quod
912 1775 1023 1810 esset
1048 1768 1213 1823 corpori
1232 1782 1325 1810 meo
1345 1769 1556 1811 siccandis

152 1838 373 1878 umoribus
404 1837 456 1878 de
481 1837 656 1878 marinis
689 1836 869 1877 lavacris
899 1836 1057 1877 blanda
1086 1841 1129 1877 et
1160 1837 1354 1890 apposita
1378 1838 1553 1878 curatio.

153 1905 261 1946 Sane
288 1910 330 1946 et
354 1904 408 1944 ad
426 1904 687 1946 vindemiam
712 1904 843 1945 feriae
866 1903 1133 1944 iudiciariam
1157 1917 1303 1944 curam
1334 1903 1552 1945 relaxave-

151 1977 258 2013 rant.
329 1972 372 2012 N
375 1985 442 2012 am
467 1972 512 2012 id
535 1972 738 2026 temporis
758 1976 854 2025 post
874 1971 1081 2012 aestivam
1100 1970 1212 2011 diem
1232 1971 1277 2010 in
1302 1971 1548 2025 temperiem

150 2044 284 2080 semet
308 2039 575 2080 autumnitas
599 2039 818 2093 dirigebat.

236 2107 388 2160 Itaque
424 2120 522 2147 cum
569 2106 758 2147 diluculo
805 2105 857 2146 ad
917 2119 1032 2146 mare
1079 2105 1384 2145 inambulando
1430 2105 1550 2146 litori

150 2187 431 2227 pergeremus,
456 2178 505 2214 ut
529 2178 573 2214 et
597 2187 699 2214 aura
723 2173 914 2226 aspirans
929 2172 1093 2213 leniter
1116 2172 1306 2213 membra
1330 2176 1549 2226 vegetaret

149 2246 191 2281 et
232 2255 329 2282 cum
370 2241 526 2282 eximia
567 2241 788 2294 voluptate
830 2239 949 2280 molli
984 2240 1164 2294 vestigio
1201 2239 1354 2281 cedens
1390 2240 1547 2281 harena

147 2308 395 2356 subsideret,
443 2307 652 2349 Caecilius
705 2307 928 2348 simulacro
977 2306 1189 2359 Serapidis
1237 2306 1451 2354 denotato,
1498 2313 1547 2347 ut

147 2375 302 2428 vulgus
327 2375 648 2428 superstitiosus
673 2375 790 2423 solet,
812 2388 986 2414 manum
1012 2374 1073 2414 ori
1098 2374 1327 2414 admovens
1352 2373 1545 2414 osculum

146 2441 271 2482 labiis
296 2443 461 2495 pressit.
