1704 2704
212 98 271 139 84
758 96 1061 138 OCTAVIUS

657 275 930 316 GHAPTER
977 274 1157 315 XXVII

213 377 331 417 These
365 377 528 417 clemons
561 378 657 417 tnrlc
689 378 840 418 within
873 378 1036 430 tvanyes,
1061 377 1220 429 'inspira
1244 377 1461 430 prophecy,
1486 376 1615 417 direct

342 446 536 497 auqurzes
572 445 658 485 (md
701 446 893 498 czuspices,
929 445 1065 498 inflict
1107 445 1259 484 disease
1295 444 1381 484 and
1422 444 1615 484 simulate

342 525 444 552 cure.
527 513 656 552 When
690 513 868 566 adjurent
904 512 952 565 by
988 512 1053 552 the
1089 516 1178 551 truc
1217 511 1305 551 God
1340 511 1432 563 they
1466 511 1616 565 confess

343 579 451 620 their
492 580 679 633 identity.
756 579 865 631 They
906 580 1000 620 hate
1051 579 1287 620 Christians
1328 578 1415 619 amt
1456 579 1615 632 inspira

342 647 489 687 hatrect
513 648 677 700 ccyccinst
697 647 813 687 them.

150 757 165 786 1
294 748 375 789 Isti
422 748 554 803 igitur
595 748 754 802 impuri
796 748 975 802 spiritus
1017 748 1256 796 daemones,
1299 751 1349 788 ut
1395 751 1615 787 ostensum

210 816 342 870 magis
362 829 385 855 a
410 815 673 869 philosophis
693 821 736 856 et
756 829 779 856 a
805 816 996 865 Platone,
1015 815 1095 856 sub
1114 815 1271 856 statuis
1291 819 1334 856 et
1358 814 1615 868 imaginibus

210 883 447 923 consecrati
483 883 744 924 delitescunt
780 888 823 924 et
857 883 1004 924 afflatu
1041 896 1118 923 suo
1154 882 1456 923 auctoritatem
1493 882 1615 935 quasi

209 951 444 1004 praesentis
476 951 666 991 numinis
698 955 1030 1004 consequuntur,
1061 950 1163 990 dum
1195 950 1410 1004 inspirant
1442 949 1617 990 interim

210 1018 392 1066 vatibus,
451 1018 555 1058 dum
613 1018 724 1059 fanis
776 1018 1070 1066 immorantur,
1130 1017 1233 1057 dum
1292 1030 1616 1070 nonnumquam

210 1090 407 1126 extorum
441 1085 568 1125 fibras
593 1085 798 1133 animant,
824 1086 969 1126 avium
1001 1085 1170 1125 volatus
1203 1085 1456 1138 gubernant,
1482 1090 1617 1125 sortes

149 1160 168 1189 2
209 1157 373 1206 regunt,
400 1153 570 1193 oracula
595 1153 795 1202 efficiunt,
821 1153 939 1194 falsis
963 1152 1157 1207 pluribus
1182 1152 1387 1192 involuta.
1437 1152 1550 1192 Nam
1575 1156 1618 1192 et

210 1220 421 1260 falluntur
446 1225 488 1261 et
525 1220 694 1269 fallunt,
719 1225 767 1260 ut
803 1226 844 1261 et
880 1220 1117 1261 nescientes
1150 1219 1357 1260 sinceram
1390 1218 1616 1260 veritatem

211 1293 255 1328 et
291 1301 419 1340 qnam
444 1287 598 1336 sciunt,
623 1288 667 1328 in
704 1287 987 1342 perditionem
1012 1287 1079 1328 sui
1112 1301 1198 1327 non
1231 1287 1491 1327 confitentes.
1549 1286 1618 1327 Sic

213 1369 237 1395 a
279 1354 393 1395 caelo
442 1354 639 1395 deorsum
682 1360 863 1409 gravant
904 1360 946 1396 et
987 1369 1012 1395 a
1053 1354 1131 1395 deo
1172 1368 1271 1395 vero
1314 1354 1367 1395 ad
1414 1353 1617 1394 materias

213 1427 406 1470 avocant,
453 1422 587 1462 vitam
635 1423 824 1471 turbant,
870 1436 1034 1463 somnos
1082 1422 1339 1475 inquietant,
1380 1421 1618 1475 irrepentes

214 1489 346 1530 etiam
393 1490 638 1543 corporibus
687 1490 862 1538 occulte,
909 1496 959 1530 ut
1007 1489 1184 1543 spiritus
1239 1494 1402 1536 tenues,
1449 1488 1618 1529 morbos

214 1557 394 1610 fingunt,
443 1561 604 1598 terrent
659 1562 837 1606 mentes,
884 1558 1075 1598 membra
1126 1557 1409 1609 distorquent,
1460 1561 1510 1596 ut
1566 1555 1618 1596 ad

214 1624 380 1664 cultum
399 1624 464 1665 sui
491 1630 655 1678 cogant,
674 1632 723 1665 ut
748 1625 894 1665 nidore
915 1624 1117 1666 altarium
1136 1623 1205 1664 vel
1230 1623 1382 1664 hostiis
1406 1623 1618 1677 pecudum

213 1691 406 1746 saginati,
437 1692 623 1732 remissis
657 1705 764 1745 quae
797 1692 1154 1739 constrinxerant,
1181 1705 1347 1731 curasse
1381 1690 1617 1731 videantur.

155 1766 172 1796 3
215 1759 327 1799 Hinc
351 1763 453 1800 sunt
478 1764 521 1800 et
545 1759 748 1809 furentes,
768 1773 873 1813 quos
898 1759 943 1799 in
968 1759 1189 1813 publicum
1209 1758 1366 1799 videtis
1386 1771 1618 1806 excurrere,

215 1831 334 1867 vates
359 1831 402 1867 et
425 1826 507 1879 ipsi
525 1827 684 1880 absque
709 1826 895 1880 templ03
928 1827 987 1867 sic
1006 1826 1241 1874 insaniunt,
1260 1826 1320 1867 sic
1345 1825 1619 1874 bacchantur,

216 1893 275 1934 sic
323 1898 544 1935 rotantur:
594 1908 670 1947 par
711 1898 754 1935 et
801 1895 846 1934 in
888 1893 973 1934 illis
1015 1893 1234 1948 instigatio
1275 1892 1503 1941 daemonis,
1545 1892 1619 1933 sed

155 1968 172 1997 4
215 1965 516 2014 argumentum
558 1961 701 2015 dispar
742 1961 905 2002 furoris.
959 1961 1025 2002 De
1066 1961 1170 2014 ipsis
1211 1960 1340 2001 etiam
1381 1959 1468 2010 illa,
1511 1973 1620 2013 quae

217 2027 343 2081 paulo
379 2034 479 2069 ante
516 2029 595 2069 tibi
631 2029 745 2069 dicta
782 2033 892 2077 sunt,
930 2033 979 2069 ut
1021 2028 1217 2081 Iuppiter
1250 2027 1373 2068 ludos
1410 2032 1620 2080 repeteret

216 2109 267 2136 ex
292 2095 468 2143 somnio,
494 2101 542 2135 ut
566 2110 663 2136 cum
689 2095 808 2150 equis
834 2096 1028 2137 Castores
1048 2095 1305 2143 viderentur,
1324 2099 1374 2135 ut
1399 2093 1619 2148 cingulum

218 2167 438 2203 matronae
462 2162 661 2203 navicula
685 2168 942 2216 sequeretur.

157 2236 175 2266 5
303 2230 422 2270 Haec
470 2230 612 2270 omnia
660 2230 804 2270 sciunt
856 2230 1061 2283 pleraque
1114 2242 1213 2282 pars
1261 2233 1451 2269 vestrum
1505 2229 1618 2283 ipsos

219 2296 447 2337 daemonas
484 2297 535 2338 de
569 2297 809 2351 semetipsis
846 2297 1052 2346 confiteri,
1081 2296 1278 2349 quotiens
1311 2309 1335 2336 a
1371 2295 1492 2336 nobis
1530 2301 1616 2336 tor-

219 2364 376 2404 mentis
420 2365 647 2405 verborum
689 2369 732 2405 et
779 2364 983 2405 orationis
1025 2363 1235 2404 incendiis
1278 2362 1330 2404 de
1371 2363 1618 2416 corporibus

159 2436 177 2466 6
219 2431 462 2484 exiguntur.
535 2431 632 2485 lpse
682 2431 891 2472 Saturnus
939 2435 981 2472 et
1030 2430 1196 2484 Serapis
1239 2435 1281 2471 et
1333 2430 1529 2485 Iuppiter
1576 2433 1619 2471 et
