1704 2704
117 1977 134 2005 <21

179 107 237 147 90
729 103 1031 145 OCTAVIUS

646 285 919 326 CHAPTER
967 285 1122 326 XXXI

177 382 219 449 ἓξ
249 390 336 430 1-5.
382 389 462 428 The
491 387 634 441 olam-96
659 388 707 440 of
730 387 942 427 licentiosos
977 387 1144 427 conduct
1169 392 1211 426 at
1237 387 1302 427 the
1329 387 1580 428 Christians'

300 457 431 510 feasts
455 455 515 508 (9.
545 455 643 508 6-7)
670 455 706 495 is
742 454 997 507 zmsozmcled.
1072 454 1113 494 It
1149 455 1182 494 is
1217 468 1243 493 α
1278 456 1502 495 concoction
1536 455 1588 508 of

310 524 373 563 the
420 524 591 563 demovzs.
663 522 831 574 Paomis
865 522 952 562 (md
988 522 1094 561 their
1131 522 1230 574 θοαῖς
1265 535 1334 561 are
1373 523 1581 562 notorious

301 591 378 644 for
402 591 504 630 these
527 590 739 630 shameless
763 603 929 629 excesses.

260 691 316 731 Et
348 690 398 731 de
440 691 602 731 incesto
644 689 840 730 convivio
882 689 1071 730 fabulam
1111 689 1313 744 grandem
1355 689 1579 730 adversum

177 772 253 798 nos
282 758 537 798 daemonum
571 757 696 797 coitio
727 756 911 797 mentita
940 761 1016 804 est,
1051 762 1098 796 ut
1135 756 1311 810 gloriam
1347 756 1581 810 pudicitiae

177 825 378 866 deformis
421 825 622 865 infamiae
659 824 897 877 aspersione
934 824 1179 871 macularet,
1215 829 1263 864 ut
1299 829 1397 864 ante
1435 823 1579 878 explo-

176 897 313 933 ratam
331 892 554 933 veritatem
574 891 767 932 homines
788 905 811 930 a
827 891 948 931 nobis
970 895 1126 932 terrore
1147 891 1347 931 infandae
1367 892 1580 944 opinionis

176 964 399 1000 averteret.
472 959 540 999 Sic
576 959 627 999 de
663 959 747 999 isto
773 964 816 998 et
852 963 951 999 tuus
980 959 1137 999 Fronto
1162 972 1247 998 non
1274 964 1323 999 ut
1348 958 1580 999 affirmator

177 1027 470 1068 testimonium
496 1026 608 1075 fecit,
633 1025 707 1066 sed
733 1026 972 1066 convicium
1002 1031 1051 1067 ut
1076 1030 1216 1066 orator
1245 1026 1451 1080 aspersit:
1476 1025 1580 1066 haec

177 1094 291 1135 enim
332 1094 474 1147 potius
522 1093 574 1134 de
621 1093 774 1134 vestris
816 1093 1014 1146 gentibus
1056 1098 1158 1134 nata
1203 1098 1316 1135 sunt.
1394 1093 1468 1133 Ius
1516 1098 1582 1134 est

175 1161 290 1214 apud
311 1162 460 1202 Persas
479 1161 648 1201 misceri
668 1175 764 1200 cum
790 1161 1008 1201 matribus.
1080 1160 1307 1214 Aegyptiis
1327 1166 1370 1201 et
1394 1160 1579 1201 Athenis

177 1243 274 1269 cum
304 1228 514 1269 sororibus
550 1227 741 1282 legitima
778 1228 970 1276 conubia,
996 1228 1224 1268 memoriae
1261 1233 1303 1268 et
1340 1228 1579 1283 tragoediae

178 1301 340 1336 vestrae
376 1296 549 1336 incestis
574 1295 823 1349 gloriantur,
849 1309 954 1348 quas
983 1309 1058 1335 vos
1096 1295 1279 1335 libenter
1304 1302 1346 1335 et
1370 1295 1511 1349 legitis
1537 1300 1579 1336 et

176 1363 361 1414 auditis;
385 1363 445 1404 sic
470 1367 514 1403 et
539 1363 637 1403 deos
668 1362 807 1403 colitis
833 1363 1029 1412 incestos,
1055 1376 1150 1402 cum
1187 1368 1332 1411 matre,
1358 1376 1454 1403 cum
1480 1362 1578 1411 filia,

177 1444 274 1470 cum
321 1444 459 1471 sorore
507 1430 764 1470 coniunctos.
838 1430 994 1470 Merito
1031 1430 1161 1484 igitur
1198 1430 1410 1470 incestum
1449 1443 1578 1483 penes

176 1511 250 1538 vos
315 1511 439 1552 saepe
498 1497 841 1550 deprehenditur,
901 1511 1068 1551 semper
1131 1496 1399 1538 admittitur:
1448 1497 1577 1538 etiam

176 1565 412 1606 nescientes
471 1565 616 1605 miseri
674 1565 852 1618 potestis
904 1565 950 1604 in
1008 1564 1160 1604 illicita
1217 1578 1427 1618 proruere,
1475 1564 1578 1604 dum

176 1632 391 1673 Venerem
427 1633 637 1686 promisce
673 1632 882 1685 spargitis,
908 1632 1010 1672 dum
1046 1632 1205 1686 passim
1241 1631 1396 1673 liberos
1426 1632 1578 1679 seritis,

176 1700 277 1740 dum
311 1700 440 1740 etiam
478 1699 591 1739 domi
628 1705 750 1740 natos
786 1699 949 1740 alienae
985 1698 1296 1740 misericordiae
1332 1699 1578 1753 frequenter

176 1767 415 1821 exponitis:
468 1780 637 1807 necesse
686 1774 750 1807 est
797 1767 840 1806 in
889 1771 1053 1807 vestros
1101 1780 1327 1815 recurrere,
1374 1767 1419 1806 in
1467 1766 1577 1806 filios

176 1834 371 1875 inerrare.
444 1834 512 1874 sio
544 1834 696 1874 incesti
733 1834 921 1874 fabulam
958 1834 1143 1883 nectitis,
1178 1833 1307 1874 etiam
1344 1848 1441 1874 cum
1477 1847 1574 1874 con-

177 1901 400 1942 scientiam
425 1915 510 1941 non
535 1901 712 1942 habetis.

261 1969 322 2008 At
363 1982 439 2009 nos
481 1968 686 2022 pudorem
723 1982 808 2008 non
844 1968 962 2016 facie,
997 1968 1070 2008 sed
1106 1974 1249 2010 mente
1285 1972 1577 2021 praestamus:

175 2036 302 2076 unius
327 2036 589 2076 matrimonii
614 2035 785 2076 vinculo
810 2035 993 2076 libenter
1018 2035 1285 2077 inhaeremus
1306 2050 1314 2086 ;
1339 2035 1576 2088 cupiditate

175 2103 423 2157 procreandi
447 2108 522 2143 aut
548 2117 679 2143 unam
704 2103 859 2143 scimus
895 2107 970 2142 aut
1000 2102 1174 2145 nullam.
1246 2103 1453 2143 Convivia
1489 2116 1575 2142 non

176 2175 346 2210 tantum
405 2170 560 2223 pudica
620 2170 811 2218 colimus,
868 2169 940 2210 sed
999 2174 1041 2210 et
1104 2170 1268 2211 sobria:
1326 2183 1403 2209 nec
1460 2169 1575 2209 enim

176 2237 448 2291 indulgemus
490 2236 627 2290 epulis
669 2242 742 2277 aut
789 2236 1037 2278 convivium
1085 2251 1200 2278 mero
1247 2237 1453 2285 ducimus,
1501 2236 1575 2276 sed

177 2304 386 2358 gravitate
411 2304 674 2345 hilaritatem
699 2309 1007 2357 temperamus:
1034 2309 1149 2344 casto
1174 2317 1375 2352 sermone,
1402 2317 1574 2356 corpore

178 2372 356 2412 castiore
392 2371 584 2424 plerique
620 2371 818 2411 inviolati
859 2371 1044 2424 corporis
1080 2371 1327 2425 virginitate
1369 2376 1576 2424 perpetua

178 2438 380 2479 fruuntur
404 2439 546 2492 potius
583 2452 711 2492 quam
746 2438 1007 2491 gloriantur:
1032 2443 1203 2480 tantum
1239 2438 1423 2491 denique
1456 2438 1576 2478 abest
