1704 2704
668 109 966 151 OCTAVIUS
1453 113 1477 152 8
1488 109 1512 155 7

121 233 246 272 capro
283 218 411 259 etiam
444 223 486 259 et
521 218 691 258 homine
723 218 880 259 mixtos
906 218 1004 258 deos
1030 222 1072 259 et
1097 217 1267 258 leonum
1293 224 1335 259 et
1359 233 1511 259 canum

121 286 246 326 vultu
298 286 396 326 deos
455 285 668 326 dedicatis.
756 285 910 326 Nonne
959 290 1002 326 et
1047 286 1168 338 Apin
1217 286 1367 326 bovem
1415 300 1511 326 cum
1555 293 1572 323 8

124 353 347 406 Aegyptiis
405 352 591 393 adoratis
649 357 691 392 et
750 353 957 405 pascitis?
1040 352 1131 393 Nec
1189 366 1335 393 eorum
1394 366 1512 393 sacra

121 420 333 460 damnatis
366 419 566 460 instituta
602 420 879 472 serpentibus,
916 419 1162 468 crocodillis,
1189 420 1324 460 beluis
1361 421 1512 460 ceteris

123 493 164 528 et
206 487 354 527 avibus
393 492 436 527 et
481 486 680 540 piscibus,
713 500 893 539 quorum
934 486 1121 540 aliquem
1163 486 1289 527 deum
1333 487 1368 527 si
1416 488 1511 541 quis

123 554 334 602 occiderit,
376 554 504 594 etiam
547 554 683 606 capite
730 554 915 606 punitur.
1005 554 1125 594 Idem
1168 554 1372 608 Aegyptii
1414 568 1511 594 cum
1554 560 1572 588 9

121 620 332 674 plerisque
368 620 487 660 vobis
523 634 608 660 non
644 620 777 674 magis
815 620 973 661 Isidem
1009 635 1137 674 quam
1173 635 1371 674 ceparum
1408 622 1511 662 acri-

123 688 285 729 monias
327 692 536 736 metuunt,
572 701 650 728 nec
692 687 937 741 Serapidem
972 688 1106 742 magis
1143 702 1272 742 quam
1309 689 1510 742 strepitus

121 769 194 808 per
218 755 417 809 pudenda
441 755 625 808 corporis
651 768 870 808 expressos
896 755 1241 796 contremiscunt.

204 822 347 862 Etiam
386 822 469 870 ille,
503 822 577 874 qui
619 821 670 862 de
705 822 889 862 adoratis
927 823 1155 863 sacerdotis
1197 823 1392 864 virilibus
1439 823 1510 863 ad·
1532 826 1572 856 10

121 903 288 930 versum
314 903 389 929 nos
420 889 648 937 fabulatur,
674 894 859 942 temptat
883 889 927 928 in
952 903 1029 930 nos
1065 891 1255 931 conferre
1293 903 1399 943 quae
1435 903 1511 931 sua

120 961 229 997 sunt.
300 956 409 996 Istae
433 957 547 996 enim
572 956 864 1009 impudicitiae
890 970 1035 997 eorum
1060 957 1237 998 forsitan
1270 971 1388 998 sacra
1412 957 1510 1005 sint,

121 1023 231 1076 apud
256 1037 360 1076 quos
396 1037 522 1064 sexus
558 1023 695 1063 omnis
731 1024 932 1064 membris
970 1024 1167 1064 omnibus
1197 1030 1371 1078 prostat,
1397 1024 1510 1078 apud

121 1105 223 1144 quos
256 1096 346 1130 tota
387 1090 655 1144 impudicitia
686 1098 862 1131 vocatur
899 1091 1132 1139 urbanitas,
1166 1092 1239 1145 qui
1276 1097 1510 1132 scortorum

118 1157 313 1199 licentiae
350 1157 560 1205 invident,
585 1157 658 1211 qui
695 1158 854 1198 medios
891 1158 1003 1198 viros
1039 1158 1248 1207 lambunt,
1285 1159 1511 1199 libidinoso

119 1239 187 1266 ore
206 1225 454 1279 inguinibus
478 1225 791 1273 inhaerescunt,
812 1225 1003 1266 homines
1029 1225 1164 1266 malae
1189 1226 1359 1280 linguae
1384 1227 1511 1266 etiam

118 1293 153 1333 si
190 1297 391 1339 tacerent,
417 1305 522 1345 quos
559 1292 675 1345 prius
711 1292 915 1333 taedescit
940 1292 1233 1346 impudicitiae
1259 1307 1358 1333 suae
1384 1307 1512 1347 quam

117 1359 323 1413 pudescit.
384 1359 496 1399 Proh
522 1360 666 1399 nefas!
702 1359 745 1399 id
770 1359 815 1399 in
841 1373 884 1400 se
910 1359 1013 1400 mali
1038 1360 1236 1401 facinoris
1262 1361 1512 1409 admittunt,
1532 1365 1569 1394 11

117 1427 230 1480 quod
277 1440 355 1467 nec
401 1432 516 1467 aetas
563 1431 703 1480 potest
743 1427 834 1480 pati
875 1427 1042 1467 mollior
1083 1441 1161 1468 nec
1197 1428 1288 1482 cogi
1326 1428 1511 1469 servitus

117 1494 269 1534 durior.

587 1625 859 1690 CHAPTER
894 1625 1050 1666 XXIX

116 1717 158 1784 ἓξ
188 1725 277 1765 1-5.
313 1724 421 1764 Such,
456 1724 599 1764 crimes
634 1738 782 1776 among]
821 1723 1057 1764 Christians
1092 1738 1163 1764 are
1209 1725 1508 1766 {monceivabla

249 1791 430 1844 Equally
442 1791 554 1844 false
578 1792 615 1831 is
644 1791 708 1831 the
732 1791 875 1843 chame
901 1791 990 1831 that
1023 1791 1256 1832 Claristz'cms
1284 1794 1461 1847 worship
1485 1808 1512 1833 a

249 1859 397 1912 merely
423 1859 582 1898 human
607 1858 798 1911 crzcczfied
822 1859 1070 1911 maquactor.
1146 1859 1227 1899 The
1251 1860 1437 1914 disciples
1470 1861 1520 1913 of

251 1927 316 1967 the
340 1926 406 1966 old
429 1925 606 1979 religsz'on
629 1940 699 1965 arc
719 1925 857 1978 [Juz'lty
881 1926 931 1978 of
946 1927 1253 1979 man-worship.

184 2026 304 2067 Haec
349 2030 392 2066 et
438 2024 683 2064 huiusmodi
731 2024 939 2078 propudia
986 2025 1107 2066 nobis
1158 2040 1243 2066 non
1291 2027 1392 2068 licet
1433 2041 1510 2068 nec
1554 2038 1569 2067 1

116 2094 272 2141 audire,
309 2092 437 2133 etiam
474 2091 668 2146 pluribus
704 2096 827 2145 turpe
861 2092 1085 2133 defendere
1111 2098 1200 2134 est:
1237 2107 1283 2134 ea
1308 2094 1423 2134 enim
1460 2095 1511 2135 de

118 2161 243 2201 castis
269 2159 429 2213 fingitis
464 2164 507 2199 et
542 2158 720 2212 pudicis,
746 2172 853 2212 quae
878 2159 970 2199 fieri
1007 2173 1091 2200 non
1124 2160 1402 2210 crederemus,
1428 2162 1510 2203 nisi

118 2227 168 2268 de
193 2227 311 2268 vobis
335 2226 580 2281 probaretis.

201 2295 312 2334 Nam
359 2293 472 2347 quod
518 2293 712 2345 religioni
760 2297 929 2334 nostrae
982 2293 1196 2335 hominem
1244 2295 1420 2335 noxium
1468 2301 1511 2336 et
1553 2306 1572 2335 2

117 2375 283 2402 crucem
320 2361 410 2401 eius
446 2360 669 2409 ascribitis,
694 2360 817 2413 longe
847 2359 897 2400 de
931 2360 1087 2401 vicinia
1116 2361 1310 2402 veritatis
1348 2363 1511 2412 erratis,

119 2429 191 2481 qui
217 2428 379 2482 putatis
405 2428 531 2468 deum
557 2427 671 2468 credi
695 2432 771 2468 aut
796 2427 998 2468 meruisse
1023 2428 1198 2468 noxium
1224 2435 1297 2469 aut
1322 2430 1511 2483 potuisse
