1704 2704
160 483 177 516 *1

140 1693 178 1723 10

141 1896 177 1925 11

141 2432 181 2461 12

226 91 251 136 ’7
259 95 285 133 4
774 94 1074 136 OCTAVIUS

221 213 417 241 nummos
443 200 620 254 signare,
640 201 929 242 instrumenta
954 202 1168 242 conficere.
1240 202 1392 256 Itaque
1416 202 1625 244 latebram

221 280 353 317 suam,
396 268 509 321 quod
552 274 647 309 tuto
683 269 889 317 latuisset,
937 270 1079 309 vocari
1127 269 1281 310 maluit
1329 270 1525 320 Latium3
1583 275 1626 311 et

222 335 369 375 urbem
405 335 648 376 Saturniam
684 336 872 377 condidit
907 336 958 377 de
996 351 1071 377 suo
1107 336 1278 377 nomine
1308 342 1350 377 et
1382 337 1625 377 Ianiculum

222 401 377 443 Ianus:
425 403 478 443 ad
520 404 768 444 memoriam
817 408 995 457 uterque
1037 404 1299 457 posteritatis
1347 405 1624 458 reliquerunt.

220 469 362 510 Homo
391 470 523 523 igitur
552 471 701 524 utique
727 471 801 525 qui
826 471 947 524 fugit,
973 471 1097 511 honio
1131 471 1279 524 utique
1313 471 1385 525 qui
1417 471 1557 521 latuit,
1583 478 1626 513 et

220 542 341 589 pater
383 537 568 579 hominis
610 543 654 579 et
695 545 821 579 natus
864 552 916 579 ex
955 538 1152 579 homine:
1208 539 1359 579 Terrae
1398 539 1513 579 enim
1554 539 1624 580 vel

222 604 339 644 Caeli
375 604 501 653 filius,
535 605 647 659 quod
686 606 800 659 apud
838 605 971 646 Italos
1014 610 1125 646 esset
1166 605 1322 659 ignotis
1364 606 1626 659 parentibus,

221 671 426 725 proditus,
457 677 506 713 ut
543 673 587 712 in
625 673 877 713 hodiernum
914 673 1136 726 inopinato
1174 673 1284 714 visos
1321 674 1436 714 caelo
1463 674 1625 723 missos,

220 739 428 792 ignobiles
455 745 497 780 et
523 740 688 794 ignotos
715 745 853 781 terrae
884 740 994 780 filios
1025 741 1307 781 nominamus.
1378 741 1480 781 Eius
1512 741 1624 782 filius

222 806 421 860 Iuppiter
447 807 607 854 Cretae,
633 808 805 848 excluso
835 813 1022 861 parente,
1047 808 1253 861 regnavit,
1279 807 1368 848 illic
1393 808 1511 857 obiit,
1536 809 1626 849 11110

221 874 329 914 filios
366 874 541 915 habuit:
584 875 723 915 adhuc
759 880 932 915 antrum
970 876 1085 915 Iovis
1111 876 1265 916 visitur
1301 881 1344 915 et
1379 875 1623 928 sepulcrum

220 941 310 981 eius
335 941 586 989 ostenditur,
611 947 653 982 et
678 942 781 996 ipsis
807 943 936 983 sacris
961 943 1048 983 suis
1075 943 1356 983 humanitatis
1383 943 1583 997 arguitur.

292 1103 333 1170 ἓξ
364 1111 488 1151 9-12.
525 1111 727 1164 Divinity
750 1113 787 1151 is
811 1112 979 1164 infinite
1004 1112 1090 1152 and
1112 1113 1209 1164 [χοαῖς
1234 1126 1310 1152 cam
1334 1112 1492 1152 neither
1517 1111 1557 1151 be

623 1179 722 1219 born
745 1179 844 1219 such
867 1193 944 1219 noo*
969 1180 1088 1219 made
1111 1180 1219 1220 such.

305 1278 502 1319 Otiosum
533 1284 597 1319 est
630 1279 690 1320 ire
720 1293 794 1333 per
827 1280 1016 1334 singulos
1041 1284 1084 1320 et
1114 1285 1248 1321 totam
1278 1280 1430 1321 seriem
1459 1279 1623 1332 generis

219 1346 345 1386 istius
405 1346 628 1400 explicare,
684 1360 803 1407 cum¹
834 1347 879 1386 in
933 1348 1081 1400 primis
1135 1348 1385 1401 parentibus
1445 1347 1624 1401 probata

220 1412 460 1454 mortalitas
491 1414 535 1453 in
571 1418 730 1455 ceteros
764 1414 855 1468 ipso
892 1415 1040 1455 ordine
1077 1415 1355 1456 successionis
1392 1414 1621 1455 influxerit.

221 1480 317 1521 Nisi
337 1481 447 1521 forte
472 1487 568 1534 post
592 1487 773 1522 mortem
799 1482 897 1522 deos
924 1482 1096 1536 fingitis,
1117 1487 1159 1523 et
1177 1482 1416 1536 perierante
1442 1481 1623 1522 Proculo

220 1548 324 1588 deus
350 1547 568 1597 Romulus,
589 1554 632 1589 et
657 1549 766 1590 Iuba
790 1550 954 1590 Mauris
974 1549 1230 1599 volentibus,
1251 1550 1354 1590 deus
1374 1554 1451 1598 est,
1471 1554 1514 1589 et
1532 1549 1622 1589 divi

220 1615 350 1656 ceteri
379 1629 508 1669 reges,
534 1616 608 1669 qui
640 1622 944 1657 consecrantur
976 1631 1062 1658 non
1093 1617 1144 1657 ad
1171 1617 1297 1658 fidem
1322 1617 1523 1665 numinis,
1549 1616 1622 1657 sed

221 1683 273 1722 ad
299 1683 503 1723 honorem
528 1683 730 1724 emeritae
756 1684 991 1737 potestatis.
1046 1684 1203 1725 Invitis
1235 1685 1301 1725 his
1331 1685 1514 1738 denique
1544 1684 1622 1723 hoc

221 1764 375 1790 nomen
402 1751 655 1791 ascribitur:
693 1757 843 1804 optant
877 1753 920 1791 in
950 1752 1122 1792 homine
1155 1766 1432 1806 perseverare,
1459 1751 1549 1792 fieri
1579 1764 1621 1791 se

221 1817 320 1858 deos
342 1824 554 1866 metuunt,
580 1819 661 1859 etsi
686 1819 768 1858 iam
795 1832 915 1859 senes
942 1819 1107 1860 nolunt.

304 1885 412 1939 Ergo
460 1899 538 1925 nec
580 1886 631 1926 de
674 1886 853 1927 mortuis
890 1886 960 1935 dii,
998 1887 1200 1939 quoniam
1241 1886 1344 1927 deus
1386 1886 1492 1926 mori
1535 1900 1620 1925 non

221 1957 375 2005 potest,
394 1966 471 1992 1100
491 1953 542 1993 de
562 1953 686 2002 natis,
705 1954 906 2006 quoniam
931 1954 1112 1994 moritur
1131 1968 1254 1994 omne
1275 1953 1387 2007 quod
1406 1953 1596 1993 nascitur
1613 1968 1620 1992 :

221 2019 417 2059 divinum
438 2025 581 2060 autem
601 2020 644 2060 id
665 2025 740 2069 est,
761 2022 872 2074 quod
899 2035 977 2061 1100
1001 2027 1143 2061 ortum
1162 2021 1291 2061 habet
1310 2034 1386 2061 nec
1412 2034 1618 2061 occasum.

223 2086 308 2127 Cur
344 2087 469 2136 enim,
506 2088 542 2127 si
578 2088 669 2127 nati
701 2094 812 2136 sunt,
849 2102 935 2128 non
971 2088 1180 2142 hodieque
1221 2089 1488 2128 nascuntur?
1524 2087 1619 2127 Nisi

222 2153 329 2194 forte
359 2154 444 2194 iam
473 2154 669 2208 Iuppiter
697 2156 840 2195 senuit
873 2160 916 2196 et
949 2163 1096 2208 partus
1129 2156 1173 2195 in
1205 2155 1368 2196 Iunone
1402 2155 1545 2194 deficit
1577 2159 1622 2194 et

222 2221 422 2261 Minerva
447 2223 592 2261 canuit
617 2227 847 2275 antequam
882 2223 1057 2276 peperit.
1096 2223 1166 2262 An
1200 2223 1293 2263 ideo
1326 2223 1509 2263 cessavit
1538 2223 1620 2262 ista

220 2288 449 2341 generatio,
491 2289 693 2341 quoniam
741 2289 861 2329 nulla
908 2289 1151 2330 huiusmodi
1193 2289 1349 2330 fabulis
1392 2289 1620 2342 praebetur

222 2355 406 2395 assensio
426 2357 440 2395 ἲ

306 2422 504 2462 Ceterum
540 2423 576 2462 si
612 2422 671 2462 dii
707 2437 848 2463 creare
884 2429 1063 2477 possent,
1097 2424 1274 2464 interire
1317 2437 1399 2463 non
1435 2428 1619 2477 possent,
