1704 2704
77 2244 118 2275 10

163 106 219 151 70
710 111 1010 153 OCTAVIUS

243 217 566 267 Recenseamus,
604 219 640 260 si
677 218 828 272 placet,
865 219 1136 272 disciplinam
1179 219 1559 274 philosophorum:

157 284 447 338 deprehendes
472 299 552 334 eos,
574 286 653 326 etsi
678 286 944 327 sermonibus
970 286 1111 336 variis,
1136 287 1240 340 ipsis
1266 293 1408 327 tamen
1434 288 1560 328 rebus

156 351 200 391 in
238 352 346 392 hanc
384 366 513 393 unam
550 353 659 394 coire
696 360 738 394 et
775 354 1015 407 conspirare
1051 355 1321 395 sententiam.
1395 355 1558 396 Omitto

155 419 252 460 illos
294 419 418 460 rudes
458 425 501 461 et
542 425 717 469 veteres,
743 421 816 474 qui
853 421 905 462 de
937 421 1024 462 suis
1062 421 1186 462 dictis
1223 422 1436 475 sapientes
1469 435 1559 462 esse

157 491 416 528 meruerunt.
498 487 563 528 Sit
599 488 752 528 Thales
793 488 991 529 Milesius
1034 489 1223 529 omnium
1268 489 1441 543 primus,
1484 489 1559 543 qui

156 554 319 607 primus
362 555 552 594 omnium
600 555 652 596 de
694 555 946 596 caelestibus
985 556 1231 609 disputavit.
1325 556 1368 597 Is
1415 560 1559 597 autem

159 621 356 662 Milesius
382 622 534 662 Thales
560 636 701 663 rerum
727 623 902 664 initium
927 637 1081 676 aquam
1119 623 1242 671 dixit,
1262 623 1388 664 deum
1414 628 1558 664 autem

158 702 250 729 eam
277 694 465 729 mentem
491 703 598 743 quae
624 704 675 730 ex
702 704 811 744 aqua
836 697 991 731 cuncta
1015 691 1270 731 formaverit.
1342 691 1408 731 En
1433 690 1560 731 altior

159 761 202 796 et
227 756 449 796 sublimior
473 770 606 810 aquae
633 762 676 798 et
701 758 878 810 spiritus
904 759 1021 807 ratio,
1047 772 1176 811 quam
1213 763 1262 798 ut
1297 758 1350 798 ab
1387 758 1560 798 homine

157 823 348 877 potuerit
395 824 673 865 inveniri—a
720 825 797 865 deo
846 825 1062 866 traditum.
1135 825 1267 866 Vides
1315 824 1560 878 philosophi

157 890 405 944 principalis
422 892 643 932 nobiscum
661 893 831 945 penitus
852 893 1095 946 opinionem
1112 906 1353 934 consonare.
1398 893 1560 933 Anaxi-

157 972 301 999 menes
328 958 526 1012 deinceps
552 963 595 999 et
620 964 715 1013 post
739 959 1035 1013 Apolloniates
1061 960 1274 1014 Diogenes
1307 965 1404 1000 aera
1434 960 1560 1000 deum

157 1030 358 1066 statuunt
383 1026 605 1067 infinitum
630 1032 672 1067 et
696 1027 978 1068 immensum:
1015 1028 1168 1068 horum
1203 1041 1371 1082 quoque
1408 1027 1560 1068 similis

157 1092 208 1134 de
234 1094 460 1134 divinitate
486 1094 707 1134 consensio
741 1099 814 1135 est.
888 1096 1164 1148 Anaxagorae
1201 1109 1300 1136 vero
1337 1095 1563 1148 discriptio

159 1165 202 1201 et
244 1169 382 1201 motus
423 1161 618 1202 infinitae
659 1162 815 1202 mentis
857 1162 961 1202 deus
1004 1162 1171 1211 dicitur,
1214 1168 1257 1202 et
1295 1162 1562 1216 Pythagorae

159 1227 261 1269 deus
287 1234 352 1269 est
377 1228 545 1269 animus
567 1243 641 1282 per
661 1230 906 1270 universam
930 1243 1071 1270 rerum
1096 1234 1296 1270 naturam
1321 1243 1562 1270 commeans

158 1300 200 1336 et
237 1296 444 1344 intentus,
474 1310 526 1336 ex
562 1310 646 1350 quo
676 1297 806 1337 etiam
843 1297 1093 1337 animalium
1130 1297 1322 1337 omnium
1347 1297 1436 1337 vita
1473 1310 1563 1337 car-

158 1368 295 1416 patur.
374 1363 672 1416 Xenophanen
720 1370 869 1404 notum
920 1369 986 1404 est
1033 1378 1156 1405 omne
1203 1364 1423 1404 infinitum
1466 1377 1563 1404 cum

157 1436 301 1472 mente
354 1431 481 1471 deum
537 1431 712 1480 tradere,
761 1436 803 1471 et
849 1431 1141 1472 Antisthenen
1190 1432 1415 1485 populares
1465 1431 1563 1472 deos

157 1499 327 1547 multos,
369 1498 442 1539 sed
479 1498 718 1539 naturalem
760 1512 893 1538 unum
942 1499 1229 1553 praecipuum,
1276 1498 1561 1553 Speusippum

158 1565 246 1605 vim
271 1566 512 1614 animalem,
537 1579 621 1619 qua
647 1567 788 1606 omnia
818 1574 1029 1619 regantur,
1055 1566 1183 1606 deum
1212 1580 1345 1607 nosse.
1418 1565 1563 1614 Quid?

158 1632 431 1673 Democritus
467 1633 664 1686 quamvis
694 1638 933 1674 atomorum
969 1633 1132 1687 primus
1175 1634 1385 1683 inventor,
1422 1647 1564 1673 nonne

157 1700 409 1754 plerumque
434 1706 643 1750 naturam,
668 1715 776 1754 quae
813 1701 1018 1754 imagines
1055 1701 1219 1750 fundat,
1244 1706 1287 1741 et
1312 1700 1562 1754 intellegen-

159 1768 263 1808 tiam
302 1768 428 1808 deum
466 1768 689 1821 loquitur?
762 1768 936 1808 Straton
974 1782 1142 1822 quoque
1168 1773 1210 1808 et
1235 1768 1325 1821 ipse
1352 1773 1562 1808 naturam.

159 1835 302 1875 Etiam
350 1835 560 1888 Epicurus
608 1835 692 1884 ille,
740 1836 815 1888 qui
863 1835 962 1876 deos
1010 1842 1086 1876 aut
1134 1836 1288 1876 otiosos
1326 1835 1449 1888 fingit
1491 1840 1564 1875 aut

160 1902 312 1951 nullos,
336 1907 535 1942 naturam
567 1909 710 1943 tamen
740 1903 998 1956 superponit.
1072 1902 1325 1943 Aristoteles
1355 1902 1494 1942 variat
1523 1907 1565 1942 et

160 1969 350 2023 assignat
375 1975 518 2010 tamen
545 1983 674 2010 unam
700 1975 981 2024 potestatem:
1018 1983 1118 2010 nam
1154 1970 1328 2010 interim
1364 1974 1565 2018 mentem,

161 2037 370 2077 mundum
395 2037 569 2078 interim
597 2038 721 2077 deum
749 2037 866 2085 dicit,
892 2037 1064 2077 interim
1102 2037 1261 2077 mundo
1294 2037 1421 2077 deum
1447 2050 1565 2090 prae—

161 2104 260 2145 ficit.
333 2104 538 2144 Ponticus
576 2105 714 2144 variat
749 2104 854 2144 alias
892 2104 1064 2152 mundo,
1089 2104 1194 2144 alias
1231 2104 1367 2144 menti
1393 2103 1564 2144 divinae

162 2171 358 2211 tribuens
394 2172 696 2225 principatum.
771 2171 937 2212 Constat
974 2185 1141 2225 quoque
1179 2171 1230 2210 de
1261 2171 1350 2219 deo,
1375 2171 1566 2210 divinam

162 2244 347 2278 mentem
393 2239 588 2291 quamvis
632 2238 748 2279 varie
789 2239 1050 2286 ascribendo,
1099 2237 1424 2291 Theophrastus,
1510 2237 1567 2277 Et

163 2305 307 2345 Zenon
350 2312 393 2346 et
430 2305 694 2359 Chrysippus
732 2311 775 2346 et
814 2305 1043 2346 Cleanthes
1082 2310 1184 2345 sunt
1226 2310 1268 2345 ct
1305 2305 1386 2358 ipsi
1420 2305 1567 2345 multi-

162 2373 328 2420 formes,
354 2373 427 2412 sed
454 2373 505 2412 ad
531 2373 741 2413 unitatem
776 2372 1069 2426 providentiae
1107 2385 1250 2412 omnes
1276 2372 1568 2412 revolvuntur.

164 2439 393 2480 Cleanthes
433 2440 546 2479 enim
584 2446 770 2480 mentem
820 2440 944 2480 modo
987 2445 1164 2479 natm-ae
1204 2444 1324 2492 atque
1366 2439 1569 2487 animum,
