1704 2704
188 108 246 149 86
738 106 1039 149 OCTAVIUS

126 230 144 259 3
185 222 286 258 ante
342 217 483 267 fuerit,
531 217 779 271 paeniteret.
874 218 963 258 Nos
1015 224 1157 258 tamen
1216 231 1313 258 cum
1361 217 1586 271 sacrilegos

186 285 351 338 aliquos
395 290 438 326 et
495 285 692 333 incestos,
740 286 972 338 parricidas
1026 285 1155 325 etiam
1204 285 1492 326 defendendos
1541 291 1585 326 et

187 352 368 393 tuendos
415 352 762 405 suscipiebamus,
811 353 887 393 hos
947 366 1024 393 nec
1071 352 1304 392 audiendos
1352 353 1397 392 in
1446 357 1586 393 totum

185 421 454 474 putabamus,
516 434 839 473 nonnumquam
910 420 1041 460 etiam
1112 419 1361 460 miserantes
1439 433 1584 461 eorum

186 487 401 528 crudelius
450 487 756 535 saeviebamus,
800 492 848 527 ut
897 492 1190 540 torqueremus
1237 488 1491 528 confitentes
1533 487 1586 527 ad

187 554 441 609 negandum,
466 554 668 595 videlicet
707 568 759 594 ne
795 554 998 608 perirent,
1024 559 1272 595 exercentes
1309 555 1353 594 in
1390 554 1456 595 his
1490 560 1591 608 per-'

187 635 352 662 versam
389 622 695 675 quaestionem,
720 636 803 662 non
831 636 939 675 quae
975 635 1126 662 verum
1163 626 1341 670 erueret,
1367 622 1441 662 sed
1477 636 1584 675 quae

126 701 143 729 4
186 689 457 730 mendacium
495 695 674 742 cogeret.
745 689 800 729 Et
833 690 869 729 si
907 689 981 742 qui
1020 689 1230 729 infirmior
1263 689 1375 729 malo
1415 703 1585 742 pressus

187 762 229 797 et
266 756 406 797 victus
444 756 738 796 Christianum
775 770 819 797 se
857 761 1061 810 negasset,
1100 756 1346 797 favebamus
1383 757 1434 805 ei,
1464 757 1587 810 quasi

187 824 342 863 eierato
391 824 563 864 nomine
612 823 695 864 iam
749 823 891 864 omnia
939 824 1051 864 facta
1109 837 1185 864 sua
1245 823 1318 864 illa
1361 824 1587 877 negatione

126 901 144 931 5
188 896 398 944 [uirgaret.
470 891 774 944 Agnoscitisne
815 891 962 931 eadem
1006 905 1082 931 nos
1131 892 1311 932 sensisse
1353 896 1396 932 et
1442 891 1587 945 egisse,

186 972 295 1011 quae
331 958 502 999 sentitis
540 963 583 998 et
617 958 796 1012 geritis?
846 972 955 1007 cum,
993 959 1027 998 si
1075 959 1197 1007 ratio,
1233 972 1318 998 non
1366 959 1587 1011 instigatio

187 1025 405 1066 daemonis
444 1025 665 1073 iudicaret,
699 1030 821 1065 essent
870 1025 1081 1079 urguendi
1120 1026 1264 1079 magis,
1301 1040 1385 1066 non
1424 1030 1474 1066 ut
1508 1026 1589 1066 dif-

187 1093 412 1133 fiterentur
447 1106 491 1133 se
529 1093 806 1142 Christianos,
840 1093 913 1133 sed
944 1098 992 1133 ut
1026 1093 1078 1134 de
1118 1093 1295 1134 incestis
1329 1094 1499 1146 stupris,
1536 1093 1588 1134 de

186 1160 378 1214 impiatis
404 1161 544 1209 sacris,
570 1160 621 1200 de
646 1160 887 1201 infantibus
913 1160 1147 1201 immolatis
1173 1161 1423 1202 faterentur.

186 1320 228 1387 ἓξ
258 1328 381 1367 6-11.
424 1326 543 1367 These
567 1328 707 1367 stories
731 1341 801 1366 are
833 1327 1127 1367 disseminatecl
1163 1327 1211 1380 by
1246 1327 1421 1376 demons,
1445 1342 1491 1367 as
1520 1343 1591 1368 are

320 1394 403 1434 also
430 1394 494 1434 the
518 1395 680 1447 charges
704 1395 795 1434 thiat
824 1394 1059 1434 christiam
1082 1394 1261 1447 worship
1286 1409 1343 1434 cm
1367 1395 1461 1434 ass's
1485 1395 1590 1435 head

322 1463 409 1502 and
451 1475 521 1501 are
558 1462 696 1515 qm'lty
729 1462 778 1514 of
806 1462 918 1502 other
957 1462 1054 1501 smh,
1092 1463 1393 1511 monstrositas,
1429 1463 1592 1515 elcaoyes

322 1533 358 1569 to
405 1529 538 1569 which
585 1529 649 1569 the
704 1529 770 1569 οἷά
826 1529 1001 1581 reliqz'on
1059 1530 1096 1569 is
1156 1543 1262 1569 more
1319 1530 1439 1569 habco
1486 1531 1590 1570 than

324 1597 615 1649 C'hristianitgs.

128 1709 146 1739 6
255 1699 338 1740 His
375 1700 490 1740 enim
531 1705 575 1739 et
622 1698 867 1739 huiusmodi
915 1698 1073 1738 fabulis
1115 1699 1230 1740 idem
1272 1698 1498 1740 daemones
1535 1699 1589 1739 ad

189 1766 494 1808 exsecrationis
536 1766 753 1806 horrorem
791 1766 1089 1819 imperitorum
1125 1780 1246 1808 aures
1283 1766 1486 1807 adversus
1511 1780 1587 1807 nos

190 1834 461 1875 referserunt.
539 1833 631 1874 Nec
678 1838 823 1874 tamen
872 1833 1041 1882 mirum,
1065 1847 1163 1874 cum
1212 1834 1403 1874 omnium
1462 1834 1586 1883 fama,

188 1915 297 1955 quac
334 1915 500 1954 semper
534 1900 738 1954 insparsis
774 1900 1006 1941 mendaciis
1043 1901 1187 1950 alitur,
1212 1906 1380 1942 ostensa
1405 1902 1588 1942 veritate

190 1969 468 2017 consumitur,
505 1968 541 2008 si
577 1973 621 2008 et
657 1968 875 2022 negotium
912 1967 1192 2009 daemonum:
1242 1969 1294 2009 ab
1329 1968 1433 2022 ipsis
1471 1968 1586 2009 enim

188 2049 332 2076 rumor
356 2035 489 2076 falsus
515 2040 557 2076 et
582 2035 737 2076 seritur
755 2039 799 2076 et
824 2035 1004 2076 fovetur.

129 2110 146 2143 7
274 2103 381 2144 Inde
405 2108 470 2143 est
495 2102 607 2156 quod
633 2102 781 2142 audire
808 2107 850 2142 te
887 2102 1005 2151 dicis,
1031 2106 1159 2156 caput
1194 2102 1303 2143 asini
1340 2116 1428 2143 rem
1466 2103 1586 2143 nobis

189 2184 278 2211 esse
314 2170 515 2211 divinam.
590 2169 696 2218 Quis
733 2175 822 2210 tam
858 2169 1030 2218 stultus,
1065 2174 1114 2209 ut
1148 2169 1228 2210 hoc
1264 2169 1409 2210 colat?
1482 2170 1589 2219 Quis

188 2237 374 2286 stultior,
410 2241 459 2277 ut
500 2236 579 2277 hoc
621 2237 701 2277 coli
740 2237 918 2277 credat?
988 2237 1087 2277 Nisi
1129 2237 1242 2289 quod
1279 2250 1354 2277 vos
1392 2242 1435 2278 et
1473 2242 1586 2278 totos

188 2305 330 2345 asinos
368 2305 413 2344 in
449 2303 628 2345 stabulis
665 2317 761 2344 cum
788 2308 930 2344 vestra
959 2304 1028 2344 vel
1064 2304 1213 2357 Epona
1251 2304 1508 2345 consecratis
1544 2309 1588 2345 et

187 2372 355 2413 eosdem
389 2371 529 2411 asinos
559 2385 656 2411 cum
694 2370 810 2411 Iside
846 2371 1039 2423 religiose
1068 2370 1293 2420 devoratis,
1319 2371 1422 2411 item
1459 2371 1586 2411 boum

187 2439 328 2493 capita
367 2444 408 2479 et
451 2439 593 2491 capita
635 2452 861 2478 vervecum
905 2444 947 2478 et
986 2438 1220 2478 immolatis
1262 2442 1306 2479 et
1347 2438 1497 2487 colitis,
1536 2439 1587 2478 de
