1704 2704
105 1645 122 1674 Q}

161 118 219 156 64
707 117 1007 158 OCTAVIUS

158 231 270 274 sunt,
330 239 414 267 una
472 227 652 267 veritate
709 226 958 267 confirmata
1016 226 1278 281 probataque
1299 243 1307 277 ;
1364 228 1424 269 sic
1482 241 1560 269 nec

158 292 441 334 dubitandum
468 294 506 334 ei
531 294 583 335 de
608 298 748 335 cetero
773 299 838 335 est
863 308 939 334 nec
966 294 1217 348 vagandum.

159 449 201 517 ἓξ
230 457 321 498 5-6.
360 457 540 497 Wisdom
565 459 602 498 is
625 463 694 498 not
720 459 782 499 the
803 459 1059 511 preroyative
1083 459 1132 512 of
1151 472 1234 512 any
1259 459 1368 499 class.
1448 459 1562 498 Your

289 529 406 577 qreat
433 525 714 578 philosophas
748 540 847 566 were
876 540 966 565 072.oe
1002 526 1189 566 esceemcd
1223 540 1405 566 common
1422 526 1562 579 people

292 592 379 632 (md
402 593 609 644 {quor-ant.
680 593 722 633 It
747 594 785 633 is
810 593 873 633 the
891 593 1151 646 philosophy,
1171 598 1238 634 'not
1266 594 1329 633 the
1347 607 1496 646 person
1520 594 1568 646 of

294 660 359 699 the,
375 660 649 714 philosopher,
676 661 765 700 that
789 665 935 701 comzts.

243 759 299 799 Et
358 759 559 812 quoniam
607 773 724 800 meus
786 760 916 800 frater
963 760 1114 813 erupit,
1162 773 1283 814 aegre
1340 774 1383 800 se
1442 759 1564 807 ferre,

159 826 427 873 stomachari,
443 826 669 880 indignari,
685 826 826 867 dolere
845 827 1084 876 illiteratos,
1105 841 1324 881 pauperes,
1343 827 1562 881 imperitos

160 893 211 934 de
236 893 360 934 rebus
390 894 642 934 caelestibus
679 894 908 948 disputare,
934 895 1039 935 sciat
1076 908 1221 936 omnes
1246 894 1439 935 homines
1472 894 1563 935 sine

162 960 322 1001 dilectu
347 961 513 1010 aetatis,
533 975 672 1009 sexus,
691 961 924 1015 dignitatis,
943 963 1122 1003 rationis
1147 968 1189 1003 et
1214 975 1362 1003 sensus
1387 974 1562 1016 capaces

163 1034 205 1069 et
246 1028 409 1069 habiles
452 1034 692 1083 procreatos
731 1043 808 1070 nec
848 1029 1019 1070 fortuna
1062 1035 1250 1078 nanctos,
1293 1029 1365 1070 sed
1407 1034 1562 1070 natura

162 1096 314 1136 insitos
346 1109 435 1137 esse
471 1096 735 1150 sapientiam.
809 1096 923 1146 Quin
961 1097 1074 1150 ipsos
1111 1097 1238 1138 etiam
1277 1096 1564 1150 philosophos,

162 1163 231 1203 vel
256 1163 292 1203 si
317 1164 390 1216 qui
433 1164 505 1203 alii
544 1163 701 1204 artium
740 1169 974 1217 repertores
1013 1165 1057 1204 in
1096 1164 1320 1205 memorias
1353 1164 1563 1212 exierunt,

164 1231 411 1284 priusquam
447 1230 639 1272 sollertia
673 1231 829 1272 mentis
855 1237 1054 1285 parerent
1088 1232 1274 1272 nominis
1311 1231 1563 1279 claritatem,

164 1298 330 1338 habitos
367 1311 456 1339 esse
492 1298 693 1352 plebeios,
721 1298 926 1347 indoctos,
963 1299 1231 1340 seminudos:
1267 1298 1371 1339 adeo
1407 1298 1563 1339 divites

163 1365 438 1406 facultatibus
486 1366 574 1406 suis
627 1366 811 1420 illigatos
843 1366 977 1420 magis
1024 1380 1176 1407 aurum
1223 1366 1435 1420 suspicere
1465 1379 1562 1406 con-

163 1446 305 1474 suesse
346 1446 474 1487 quam
516 1432 692 1483 caelum,
730 1438 941 1475 nostrates
977 1447 1182 1488 pauperes
1218 1440 1262 1474 et
1302 1438 1564 1474 commentos

163 1514 253 1541 esse
278 1500 551 1555 prudentiam
581 1505 623 1542 et
647 1500 872 1542 tradidisse
893 1502 1046 1542 ceteris
1082 1501 1364 1555 disciplinam.
1436 1500 1563 1541 Unde

163 1574 340 1622 apparet
363 1568 582 1622 ingenium
607 1582 692 1609 non
718 1568 810 1609 dari
834 1569 1114 1609 facultatibus
1138 1582 1215 1609 nec
1247 1568 1389 1609 studio
1415 1568 1565 1622 parari,

164 1635 237 1676 sed
263 1649 360 1675 cum
384 1635 475 1689 ipsa
511 1636 668 1676 mentis
704 1636 957 1677 formatione
992 1636 1196 1690 generari.
1267 1635 1390 1676 Nihil
1418 1636 1563 1689 itaque

164 1702 476 1756 indignandum
517 1703 586 1744 vel
635 1703 878 1751 dolendum,
926 1703 961 1744 si
1004 1703 1263 1757 quicumque
1311 1703 1362 1743 de
1403 1702 1563 1743 divinis

165 1775 354 1824 quaerat,
378 1770 548 1819 sentiat,
575 1771 773 1824 proferat,
794 1784 891 1812 cum
917 1785 1002 1811 non
1035 1771 1296 1824 disputantis
1320 1770 1562 1817 auctoritas,

163 1837 236 1878 sed
261 1837 565 1891 disputationis
590 1838 724 1891 ipsius
749 1838 906 1879 veritas
931 1838 1182 1892 requiratur.
1253 1838 1397 1891 Atque
1422 1837 1563 1886 etiam,

165 1918 247 1958 quo
287 1905 525 1958 imperitior
567 1919 715 1954 sermo,
743 1906 822 1946 hoc
854 1905 1061 1946 illustrior
1102 1905 1209 1946 ratio
1249 1910 1323 1954 est,
1360 1904 1562 1958 quoniam

164 1986 249 2012 non
275 1972 439 2012 fucatur
472 1986 626 2026 pompa
656 1973 880 2014 facundiae
905 1978 947 2014 et
979 1972 1150 2027 gratiae,
1175 1972 1258 2021 sed,
1285 1977 1333 2012 ut
1357 1977 1432 2020 est,
1457 1972 1562 2012 recti

164 2039 308 2093 regula
333 2039 580 2081 sustinetur.
