1704 2704
674 161 973 203 OCTAVIUS
1464 160 1522 205 67

212 268 325 318 Quid
362 268 512 322 loquar
550 273 647 322 apte
683 269 891 322 disposita
928 274 1041 309 recta
1070 270 1311 318 ‘montiunr
1348 270 1524 310 collium
1544 277 1584 308 10

127 336 248 387 fiexa,
283 340 475 389 porrecta
523 338 802 389 camporum?
849 336 1006 389 quidve
1048 337 1333 377 animantium
1375 337 1525 391 loquar

128 403 330 444 adversus
378 416 468 444 sese
527 403 708 443 tutelam
766 403 1111 443 multiformem?
1177 403 1282 444 alias
1342 410 1524 446 armatas

129 469 337 518 cornibus,
364 469 469 510 alias
505 470 705 511 dentibus
743 475 912 524 saeptas
953 476 995 511 et
1033 470 1235 510 fundatas
1274 471 1446 525 ungulis
1483 476 1524 512 et

130 537 314 590 spicatas
340 537 499 578 aculeis
530 542 604 577 aut
634 537 791 591 pedum
816 537 1036 578 celeritate
1062 537 1216 578 liberas
1242 543 1317 578 aut
1342 538 1525 579 elatione

129 604 357 658 pinnarum
377 606 390 644 ἲ

216 671 316 724 Ipsa
367 671 594 724 praecipue
646 671 804 712 formae
856 675 1025 712 nostrae
1074 671 1350 725 pulchritudo
1397 673 1525 713 deum
1546 685 1583 715 11

130 738 292 779 fatetur
327 738 556 778 artificem:
594 743 731 779 status
757 739 928 792 rigidus,
954 739 1102 780 vultus
1137 744 1315 788 erectus,
1341 740 1455 780 oculi
1479 740 1525 780 in

130 819 296 846 summo
321 805 441 846 velut
470 805 515 845 in
540 805 710 858 specula
734 806 958 846 constituti
983 812 1026 846 θῖ
1051 820 1197 847 omnes
1223 807 1352 847 ceteri
1377 821 1525 848 sensus

130 872 364 926 compositi.

599 1129 868 1169 CHAPTER
907 1129 1068 1169 XVIII

131 1231 173 1298 ἐξ
204 1238 292 1279 1-4.
335 1238 414 1278 Tlce
437 1251 622 1291 economy
641 1238 689 1291 of
707 1242 856 1277 nature
880 1253 937 1277 an
961 1243 1178 1290 argument
1200 1240 1277 1292 for
1295 1254 1322 1280 a
1345 1254 1529 1293 supreme

727 1305 933 1345 ordaz'ner.

219 1413 411 1467 Longum
437 1416 501 1452 est
533 1412 593 1452 ire
618 1425 693 1465 per
718 1410 897 1466 singula.
968 1411 1089 1451 Nihil
1122 1412 1167 1452 in
1200 1412 1371 1454 homine
1396 1427 1528 1454 mem-
1571 1423 1586 1452 1

135 1480 306 1520 brorum
331 1484 405 1527 est,
431 1479 543 1533 quod
575 1492 660 1519 non
693 1484 736 1519 et
769 1479 1032 1519 necessitatis
1058 1493 1182 1520 causa
1208 1480 1263 1520 sit
1288 1486 1331 1521 et
1356 1480 1529 1529 decoris,

135 1552 190 1596 et,
226 1547 338 1601 quod
381 1547 515 1601 magis
555 1546 711 1586 mirum
748 1550 824 1594 est,
860 1546 1005 1586 eadem
1043 1547 1175 1599 figura
1211 1547 1420 1597 omnibus,
1456 1548 1529 1589 sed

136 1614 342 1668 quaedam
382 1613 614 1667 unicuique
656 1612 908 1653 liniamenta
949 1613 1136 1654 deflexa:
1185 1614 1244 1654 sic
1286 1619 1329 1655 et
1370 1615 1530 1656 similes

136 1681 325 1722 universi
349 1681 542 1722 videmur
567 1685 610 1721 et
633 1680 744 1720 inter
768 1694 811 1721 se
836 1680 993 1733 singuli
1018 1680 1245 1722 dissimiles
1275 1681 1530 1724 invenimur.

222 1748 334 1798 Quid
371 1747 572 1788 nascendi
606 1748 751 1787 ratio?
787 1747 922 1800 quid?
957 1748 1111 1801 cupido
1136 1749 1365 1801 generandi
1388 1763 1529 1790 nonne
1572 1759 1591 1788 2

138 1830 162 1856 a
186 1816 263 1857 deo
288 1815 387 1856 data
411 1819 486 1863 est,
512 1820 555 1855 et
581 1818 630 1855 ut
654 1815 784 1855 ubera
809 1819 937 1868 partu
961 1820 1272 1856 maturescente
1298 1816 1531 1858 lactescant

139 1887 181 1924 et
205 1887 254 1923 ut
278 1887 399 1924 tener
422 1883 534 1923 fetus
560 1882 754 1922 ubertate
780 1882 906 1922 lactei
931 1882 1036 1922 roris
1061 1882 1308 1924 adolescat?

222 1950 313 1991 Nec
354 1949 628 1990 universitati
671 1948 936 1989 solummodo
978 1949 1092 1997 deus,
1132 1950 1204 1990 sed
1247 1955 1288 1990 et
1335 1950 1531 2004 partibus
1574 1958 1593 1988 3

140 2017 336 2058 consulit.
420 2016 645 2057 Britannia
691 2015 778 2056 sole
826 2016 1028 2064 deficitur,
1076 2017 1149 2057 sed
1196 2017 1532 2058 circumfluentis

140 2085 269 2125 maris
309 2088 454 2137 tepore
496 2088 736 2124 recreatur:
786 2083 975 2137 Aegypti
1018 2083 1256 2124 siccitatem
1300 2090 1533 2138 temperare

142 2151 269 2192 Nilus
293 2151 430 2192 amnis
449 2150 567 2198 solet,
586 2150 821 2203 Euphrates
848 2150 1204 2203 Mesopotamiam
1230 2165 1306 2205 pro
1326 2152 1537 2192 imbribus

141 2225 303 2272 pensat,
328 2218 461 2258 Indus
486 2217 644 2258 flumen
671 2221 714 2258 et
738 2231 876 2258 serere
901 2217 1108 2258 orientem
1134 2219 1293 2259 dicitur
1317 2224 1359 2259 et
1384 2219 1532 2272 rigare.

226 2285 348 2334 Quod
384 2285 429 2334 si,
466 2285 680 2338 ingressus
717 2284 903 2337 aliquam
939 2284 1123 2333 domum,
1162 2286 1304 2326 onmia
1351 2286 1533 2335 exculta,
1576 2300 1593 2328 4

142 2352 356 2407 disposita,
397 2356 546 2392 ornata
592 2351 783 2399 vidisses,
830 2351 977 2404 utique
1026 2366 1217 2405 praeesse
1259 2353 1297 2393 ei
1344 2353 1533 2394 crederes

144 2419 361 2460 dominum
397 2424 701 2472 parentemque
743 2418 846 2472 ipsis
889 2419 1097 2461 sideribus
1136 2426 1178 2462 et
1215 2420 1346 2461 totius
1385 2420 1536 2463 mundi

142 2487 332 2540 partibus
357 2486 650 2540 pulchriorem.
