1704 2704
688 107 990 149 OCTAVIUS
1476 109 1499 148 6
1510 109 1533 148 5

611 305 881 346 CHAPTER
930 304 1065 344 XVII

141 395 182 462 ἓξ
213 403 302 442 1-2.
339 403 583 463 Knowleslye
608 403 657 456 of
684 401 750 441 his
785 415 874 441 own
903 401 1041 454 στίφη
1077 401 1164 440 ancl
1199 400 1360 453 destiny
1388 400 1536 440 entaz'ls

275 483 333 509 an
356 470 532 522 inquiry
558 483 610 509 οη
637 468 768 508 man's
798 473 895 520 part
927 468 1015 507 into
1047 468 1111 507 the
1146 468 1285 520 oriyin
1309 467 1356 521 of
1387 467 1534 520 tlzinys.

274 537 331 576 In
365 537 562 589 studgsing]
596 536 693 576 sach
720 535 921 589 problems
956 535 1003 575 lie
1037 535 1074 575 is
1109 534 1178 574 but
1211 534 1437 588 satisfyiny
1473 534 1537 574 the

273 603 428 656 hiylcest
452 603 645 644 instincta
668 604 718 656 of
735 603 800 643 his
825 607 983 642 nature.

223 701 314 742 Nec
349 715 506 750 recuso,
543 701 655 755 quod
692 700 901 742 Caecilius
937 713 1122 741 asserere
1162 699 1278 740 inter
1312 699 1538 753 praecipua

139 768 308 809 conisus
344 775 419 817 est,
448 769 664 810 hominem
700 781 822 808 nosse
859 781 902 808 se
937 772 980 808 et
1015 766 1338 820 circumspicere
1374 766 1538 815 debere,

140 835 244 889 quid
279 835 348 884 sit,
372 835 486 876 unde
521 836 589 884 sit,
614 849 741 889 quare
767 835 848 875 sit:
872 839 1020 875 utrum
1057 833 1281 875 elementis
1317 839 1537 874 concretus

140 916 194 943 an
220 903 499 944 concinnatus
529 903 692 951 atomis,
722 916 777 943 an
806 902 947 956 potius
983 915 1007 942 a
1032 901 1109 942 deo
1144 901 1295 949 factus,
1320 901 1538 949 formatus,

140 969 365 1011 animatus.
436 970 559 1020 Quod
583 970 725 1023 ipsum
753 969 972 1023 explorare
998 973 1041 1010 et
1066 982 1214 1009 eruere
1250 968 1341 1009 sine
1366 968 1537 1008 univer-
1580 978 1587 990 ‘

139 1037 280 1078 sitatis
322 1037 602 1090 inquisitione
638 1051 723 1077 non
759 1049 995 1090 possumus,
1026 1050 1123 1076 cum
1159 1036 1219 1076 ita
1255 1035 1539 1083 cohaerentia,

140 1117 311 1152 conexa,
345 1108 625 1145 concatenata
666 1104 763 1152 sint,
806 1108 867 1152 ut,
907 1103 992 1143 nisi
1039 1102 1279 1143 divinitatis
1328 1102 1539 1143 rationem

139 1170 368 1225 diligenter
416 1171 662 1220 excusseris,
709 1171 873 1212 nescias
931 1169 1225 1217 humanitatis,
1273 1183 1351 1210 nec
1403 1170 1538 1224 possis

139 1237 314 1292 pulchre
349 1252 490 1293 gerere
526 1253 616 1279 rem
652 1238 834 1286 civilem,
869 1238 954 1278 nisi
990 1237 1237 1291 cognoveris
1278 1237 1389 1277 hanc
1425 1251 1538 1278 com-

140 1319 315 1346 munem
340 1306 530 1346 omnium
561 1305 711 1346 mundi
741 1305 972 1354 civitatem,
1005 1304 1231 1358 praecipue
1266 1318 1363 1344 cum
1388 1317 1412 1344 a
1436 1304 1538 1345 feris

140 1372 277 1413 beluis
324 1373 403 1413 hoc
446 1373 703 1422 differamus,
744 1372 858 1426 quod
906 1372 979 1412 illa
1026 1385 1160 1425 prona
1206 1371 1250 1411 in
1298 1375 1538 1425 terramque

140 1439 362 1493 vergentia
400 1439 510 1480 nihil
552 1445 652 1481 nata
694 1440 782 1481 sint
820 1439 1059 1493 prospicere
1089 1439 1173 1479 nisi
1210 1438 1428 1492 pabulum,
1451 1452 1541 1487 nos,

141 1507 296 1561 quibus
321 1507 468 1548 vultus
499 1512 677 1556 erectus,
701 1507 856 1561 quibus
893 1511 1117 1560 suspectus
1141 1505 1187 1545 in
1223 1505 1389 1546 caelum
1413 1505 1538 1547 datus

141 1579 216 1622 est,
241 1588 380 1614 sermo
405 1579 448 1614 et
472 1575 594 1623 ratio,
618 1588 691 1628 per
716 1588 824 1628 quae
854 1574 981 1615 deum
1011 1572 1290 1627 agnoscimus,
1316 1573 1538 1623 sentimus,

139 1640 372 1689 imitamur,
413 1641 606 1695 ignorare
647 1655 726 1682 nec
767 1642 829 1683 fas
870 1655 948 1682 nec
989 1641 1090 1681 licet
1136 1640 1401 1694 ingerentem
1448 1654 1538 1682 sese

139 1708 272 1749 oculis
297 1716 340 1749 et
369 1709 563 1749 sensibus
592 1709 750 1749 nostris
779 1708 1005 1750 caelestem
1041 1707 1306 1748 claritatem:
1331 1707 1538 1762 sacrilegii

139 1775 254 1816 enim
295 1775 364 1816 vel
404 1776 588 1816 maxime
635 1776 770 1816 instar
810 1780 886 1824 est,
927 1774 1047 1815 humi
1088 1788 1290 1828 quaerere
1337 1774 1451 1828 quod
1492 1775 1537 1815 in

139 1842 315 1883 sublimi
339 1842 492 1884 debeas
516 1843 720 1884 invenire.

141 1997 183 2065 ἓξ
211 2006 340 2046 3-11.
382 2005 464 2046 The
501 2006 786 2060 maymfloenee
823 2005 910 2045 and
945 2005 1064 2045 order
1098 2005 1147 2058 of
1174 2004 1240 2044 the
1274 2004 1414 2051 world,
1450 2005 1538 2044 and

273 2073 483 2126 especially
507 2073 570 2113 the
594 2073 737 2126 beauty
761 2073 810 2126 of
827 2073 890 2113 the
915 2072 1076 2112 human
1094 2072 1225 2125 form,
1244 2071 1447 2125 proclaim
1472 2072 1537 2111 the

273 2140 460 2180 existence
483 2141 534 2193 of
549 2155 575 2180 α,
594 2154 786 2194 supreme,
801 2139 1029 2193 intelliyent
1045 2153 1184 2192 power
1203 2139 1426 2192 governing
1450 2139 1536 2178 ccml

272 2208 508 2260 sustaininq
532 2208 596 2247 the
621 2207 759 2248 world.

225 2305 318 2355 Quo
360 2306 494 2360 magis
541 2306 648 2346 mihi
696 2306 896 2347 videntur
937 2306 1010 2359 qui
1056 2305 1171 2346 hunc
1210 2305 1361 2346 mundi
1402 2305 1536 2347 totius

142 2377 341 2414 ornatum
365 2387 450 2413 non
476 2373 623 2414 divina
648 2373 813 2414 ratione
837 2373 1074 2427 perfectum
1099 2372 1263 2421 volunt,
1289 2372 1361 2414 sed
1386 2373 1535 2414 frustis

142 2439 396 2492 quibusdam
434 2445 593 2482 temere
628 2440 950 2482 cohaerentibus
986 2440 1297 2495 conglobatum,
1334 2445 1535 2489 mentem,

1378 2517 1402 2547 F
