1704 2704
103 580 121 607 N*

158 119 181 159 5
193 120 216 158 2
706 119 1007 160 OCTAVIUS

159 227 266 269 Inde
296 227 400 268 adeo
436 242 510 282 per
547 228 746 268 universa
769 229 957 282 imperia,
983 229 1236 282 provincias,
1263 229 1416 283 oppida
1443 229 1558 270 vidc-

160 309 254 336 mus
304 295 493 349 singulos
540 309 752 336 sacrorum
803 296 911 336 ritus
953 296 1135 349 gentiles
1183 297 1337 336 habere
1371 302 1413 336 et
1461 296 1559 336 deos

161 363 299 404 colere
319 363 567 416 municipes,
584 370 633 403 ut
659 362 900 403 Eleusinios
922 364 1128 411 Cererem,
1147 364 1334 417 Phrygas
1361 363 1560 411 Matrem,

162 430 416 484 Epidaurios
475 430 792 483 Aesculapium,
838 430 1072 471 Chaldaeos
1133 431 1298 479 Belum,
1356 431 1560 471 Astarten

164 498 304 550 Syros,
352 498 536 538 Dianam
597 497 783 546 Taurios,
840 498 985 538 Gallos
1045 498 1321 546 Mercurium,
1381 498 1561 538 ‘numiwae

164 565 363 605 universa
403 565 629 607 Romanos.
703 564 770 605 Sic
815 579 961 605 eorum
1011 570 1198 619 potestas
1247 570 1291 606 et
1333 566 1563 606 auctoritas

166 632 299 674 totius
333 632 443 672 orbis
481 632 667 673 ambitus
693 633 931 686 occupavit,
957 633 1015 673 sic
1048 633 1274 687 imperium
1301 647 1424 673 suum
1451 633 1565 673 ultra

167 700 267 741 solis
315 699 406 740 vias
455 704 497 740 et
545 699 679 752 ipsius
729 700 887 740 Oceani
937 700 1095 740 limites
1154 700 1416 754 propagavit,
1465 700 1565 740 dum

167 771 368 808 exercent
425 767 469 806 in
524 767 654 807 armis
696 767 901 808 virtutem
959 767 1211 821 religiosam,
1258 767 1361 808 dum
1418 767 1567 808 urbem

169 834 372 875 muniunt
408 847 622 874 sacrorum
660 834 948 888 religionibus,
981 835 1110 876 castis
1146 835 1395 888 virginibus,
1421 835 1568 875 multis

169 902 404 942 honoribus
429 914 477 941 ac
501 901 747 942 nominibus
773 902 1051 951 sacerdotum,
1077 902 1180 942 dum
1205 902 1363 943 obsessi
1389 906 1432 942 et
1465 902 1569 942 citra

171 969 308 1009 solum
357 968 617 1022 Capitolium
666 969 779 1023 capti
829 969 974 1009 colunt
1021 969 1132 1019 deos,
1173 983 1278 1023 quos
1326 970 1435 1010 alius
1485 970 1569 1010 iam

172 1037 404 1091 sprevisset
450 1035 592 1084 iratos,
641 1040 683 1076 et
741 1050 815 1090 per
873 1037 1097 1078 Gallorum
1153 1037 1274 1085 acies,
1322 1037 1572 1077 mirantium

174 1103 494 1157 superstitionis
520 1103 752 1152 audaciam,
778 1109 963 1158 pergunt
995 1104 1090 1145 telis
1123 1104 1316 1153 inermes,
1343 1104 1415 1145 sed
1453 1104 1572 1145 cultu

176 1170 391 1225 religionis
417 1171 583 1220 armati,
608 1171 711 1211 dum
736 1172 872 1225 captis
897 1172 941 1211 in
978 1171 1205 1212 hostilibus
1231 1173 1410 1213 moeniis
1435 1171 1574 1213 adhuc

177 1238 406 1279 ferociente
433 1239 610 1279 victoria
634 1239 814 1279 numina
834 1239 947 1280 victa
971 1244 1241 1288 venerantur,
1256 1239 1359 1280 dum
1385 1240 1574 1292 undique

179 1305 368 1359 hospites
428 1306 526 1346 deos
585 1310 797 1360 quaerunt
854 1311 896 1347 et
954 1320 1051 1347 suos
1110 1307 1287 1356 faciunt,
1334 1307 1437 1347 dum
1484 1320 1578 1347 aras

181 1378 413 1414 exstruunt
449 1373 664 1414 interdum
690 1373 820 1414 etiam
845 1374 1000 1428 ignotis
1028 1374 1276 1415 numinibus
1302 1378 1345 1415 et
1369 1374 1578 1415 manibus.

182 1441 251 1481 Sic
286 1440 388 1480 dum
432 1440 726 1481 universarum
768 1442 960 1495 gentium
999 1455 1115 1482 sacra
1144 1441 1415 1496 suscipiunt,
1449 1442 1577 1482 etiam

184 1522 311 1562 regna
350 1513 611 1549 meruerunt.
682 1508 798 1549 Hinc
846 1514 1078 1563 perpetuus
1121 1509 1409 1550 venerationis
1457 1514 1579 1550 tenor

184 1575 352 1623 mansit,
391 1575 465 1629 qui
506 1575 632 1629 longa
672 1581 811 1616 aetate
847 1590 931 1616 non
969 1576 1227 1630 infringitur,
1262 1576 1335 1617 sed
1378 1581 1581 1631 augetur:

185 1642 343 1696 quippe
378 1643 615 1696 antiquitas
649 1643 918 1684 caerimoniis
950 1649 1079 1697 atque
1105 1643 1206 1684 faris
1230 1649 1399 1685 tantum
1424 1644 1580 1685 sancti-

184 1710 287 1750 tatis
312 1709 499 1750 tribuere
525 1710 748 1751 consuevit
772 1715 983 1764 quantum
1008 1711 1240 1752 astruxerit
1264 1711 1524 1752 vestustatis.

691 1908 964 1948 OHAPTER
1001 1908 1091 1948 VII

187 2001 230 2067 §g
272 2008 362 2047 1-4.
405 2007 486 2048 The
510 2008 695 2048 Romans
719 2022 788 2047 cere
804 2008 994 2060 justifies]
1024 2009 1068 2047 z'n.
1094 2009 1326 2060 honour-inq
1351 2008 1458 2047 their
1479 2009 1586 2061 yods,

324 2075 367 2128 ‘f
399 2075 507 2114 there
527 2089 596 2115 are
635 2089 720 2127 am]
756 2076 862 2127 θοῶς.
956 2075 1079 2115 Their
1117 2076 1215 2128 qods
1261 2075 1362 2114 have
1406 2076 1590 2128 requited

322 2141 517 2194 reliqious
575 2142 805 2182 observance
857 2143 959 2182 with
1011 2156 1167 2190 success,
1214 2143 1431 2195 irrelissyion
1488 2143 1591 2182 with

322 2209 505 2249 disaster.

278 2309 367 2349 Nec
415 2315 557 2349 tamen
607 2314 766 2350 temere
814 2309 971 2362 (ausim
1017 2309 1131 2350 enim
1179 2309 1354 2349 interim
1403 2315 1444 2349 et
1503 2309 1593 2362 ipse

193 2375 422 2416 concedere
471 2380 514 2416 et
562 2377 621 2416 sic
670 2376 822 2416 melius
870 2377 1028 2427 errare)
1088 2376 1266 2417 maiores
1325 2376 1461 2416 nostri
1519 2381 1595 2416 aut

193 2442 468 2483 observandis
510 2443 697 2496 auguriis
734 2448 808 2484 aut
847 2443 956 2483 extis
993 2443 1262 2484 consulendis
1310 2448 1384 2483 aut
1420 2443 1592 2483 institn-
