1704 2704
634 98 932 141 OCTAVIUS
1422 96 1446 140 7
1457 99 1480 139 3

89 213 132 250 et
183 213 412 261 antequam
464 211 611 261 gentes
665 207 775 247 ritus
823 220 921 247 suos
974 219 1195 259 moresque
1242 205 1483 254 miscerent,

89 288 369 328 unaquaeque
394 275 511 315 natio
541 273 800 315 conditorem
830 287 955 314 suum
987 278 1063 313 aut
1095 273 1245 313 ducem
1271 272 1484 325 inclytum

89 347 164 382 aut
199 342 387 395 reginam
430 341 631 394 pudicam
666 355 771 382 sexu
811 354 886 381 suo
925 340 1143 380 fortiorem
1181 347 1254 379 aut
1302 339 1483 379 alicuius

88 409 276 449 muneris
300 408 370 449 vel
395 409 495 449 artis
520 414 781 461 repertorem
806 407 1090 448 venerabatur
1114 412 1162 447 ut
1189 406 1325 447 civem
1352 407 1484 446 bonae

87 476 340 516 memoriae:
378 476 437 516 sic
462 481 505 516 et
529 475 743 516 defunctis
769 475 1009 528 praemium
1034 478 1078 515 et
1103 473 1262 514 futuris
1299 473 1485 514 dabatur

87 543 342 596 exemplum.

573 673 844 713 CHAPTER
886 672 998 712 XXI

87 767 129 834 ἓξ
159 774 247 814 1-9.
290 773 372 813 The
408 775 624 826 testimony
653 775 702 827 of
730 774 958 814 historiam
993 773 1080 812 ancl
1116 773 1165 825 of
1193 773 1286 812 wige
1321 785 1415 811 ‘men
1450 771 1486 811 is

220 846 258 881 to
283 841 346 880 tlte
370 841 474 894 effect
500 841 588 880 that
613 841 676 881 tlte
696 841 794 894 gods
819 855 916 880 were
943 854 1048 880 mere
1080 854 1172 879 men
1203 839 1350 892 deified
1381 839 1431 892 by
1459 852 1485 878 a

215 908 400 961 qrateful
418 908 565 961 people.

170 1006 278 1060 Lege
321 1007 623 1048 historicorum
671 1007 830 1060 scripta
875 1006 944 1047 vel
993 1006 1152 1060 scripta
1199 1005 1484 1059 sapientium:

88 1073 235 1115 eadem
277 1087 443 1115 mecum
490 1087 770 1127 recognosces.
865 1074 931 1114 Ob
978 1074 1129 1114 merita
1188 1073 1361 1113 virtutis
1410 1078 1485 1113 aut

88 1141 277 1182 muneris
314 1141 413 1182 deos
450 1142 618 1182 habitos
654 1141 919 1182 Euhemerus
957 1141 1216 1194 exsequitur,
1256 1146 1298 1180 et
1340 1153 1484 1181 eorum

87 1208 263 1256 natales,
306 1209 478 1262 patrias,
517 1208 713 1263 sepulcra
759 1208 1001 1249 dinumerat
1041 1214 1083 1248 et
1130 1221 1203 1260 per
1244 1207 1485 1261 provincias

87 1280 307 1324 monstrat,
333 1276 502 1317 Dictaei
535 1276 652 1316 Iovis
678 1281 720 1316 et
744 1275 960 1329 Apollinis
985 1275 1188 1329 Delphici
1224 1280 1268 1318 et
1305 1274 1484 1314 Phariae

88 1342 214 1384 Isidis
239 1348 282 1384 et
307 1343 470 1385 Cereris
495 1343 749 1384 Eleusiniae.
820 1343 1024 1383 Prodicus
1050 1347 1289 1395 assumptos
1314 1342 1359 1381 in
1384 1341 1484 1382 deos

86 1409 288 1464 loquitur,
330 1411 404 1464 qui
445 1410 624 1451 errando
662 1410 852 1451 inventis
895 1410 1016 1450 novis
1064 1409 1256 1463 frugibus
1303 1408 1485 1449 utilitati

86 1476 308 1518 hominum
333 1478 595 1531 profuerunt.
660 1478 713 1517 In
738 1477 916 1518 eandem
936 1477 1195 1518 sententiam
1216 1481 1258 1517 et
1278 1476 1484 1517 Persaeus

86 1544 412 1599 philosophatur
459 1551 501 1585 et
546 1545 736 1586 adnectit
782 1545 980 1585 inventas
1027 1546 1168 1598 fruges
1226 1548 1268 1584 et
1316 1544 1484 1597 frugum

29 1619 34 1627 ·
87 1612 275 1665 ipsarum
311 1618 545 1666 repertores
580 1612 715 1653 isdem
751 1612 1007 1660 nominibus,
1043 1616 1091 1652 ut
1127 1611 1312 1651 comicus
1349 1624 1484 1651 sermo

88 1684 165 1727 est,
189 1679 402 1720 Venerem
427 1679 517 1720 sine
543 1679 694 1719 Libero
720 1684 763 1720 et
789 1679 939 1720 Cerere
965 1679 1126 1733 frigere.

171 1746 416 1787 Alexander
453 1746 524 1787 ille
561 1747 747 1800 Magnus
784 1746 962 1787 Macedo
999 1746 1156 1800 insigni
1188 1745 1407 1785 volumine
1431 1745 1485 1785 ad

88 1818 266 1854 matrem
291 1827 411 1855 suam
437 1813 618 1866 scripsit,
642 1819 759 1854 metu
779 1828 879 1854 suae
904 1813 1127 1867 potestatis
1152 1812 1368 1866 proditum
1404 1812 1484 1852 sibi

89 1880 140 1921 de
165 1881 246 1921 diis
271 1881 515 1921 hominibus
541 1895 564 1921 a
589 1881 805 1922 sacerdote
843 1886 1053 1921 secretum
1075 1897 1082 1921 :
1119 1880 1204 1919 illie
1238 1879 1483 1920 Vulcanum

89 1947 191 1988 facit
216 1949 407 1988 omnium
432 1948 681 2002 principem,
706 1953 748 1988 et
772 1954 918 2002 postea
944 1948 1059 1988 lovis
1084 1953 1265 2001 gentem.
1338 1947 1483 1987 Satur-

88 2028 191 2055 num
232 2016 345 2056 enim
381 2015 615 2069 principem
660 2016 785 2056 huius
820 2015 983 2069 generis
1013 2020 1057 2055 et
1093 2014 1302 2055 examinis
1338 2028 1484 2054 omnes

88 2082 312 2135 scriptores
349 2083 576 2123 vetustatis
614 2082 764 2123 Graeci
811 2083 1076 2135 Romanique
1125 2082 1340 2122 hominem
1389 2095 1482 2135 pro-

89 2148 299 2190 diderunt.
379 2150 467 2190 Scit
513 2150 591 2190 hoc
633 2150 776 2203 Nepos
820 2155 862 2190 ct
910 2150 1078 2190 Cassius
1120 2149 1165 2188 in
1213 2148 1400 2196 historia,
1442 2153 1484 2189 et

91 2215 265 2257 Thallus
290 2230 337 2257 ac
362 2217 575 2257 Diodorus
602 2216 679 2257 hoc
704 2217 950 2270 loquuntur.
1010 2217 1053 2256 Is
1088 2216 1234 2269 itaque
1271 2216 1483 2256 Saturnus

91 2282 218 2324 Creta
242 2284 445 2337 profugus
471 2285 643 2324 Italiam
667 2290 784 2324 metu
811 2284 889 2323 filii
913 2284 1144 2324 saevientis
1172 2288 1416 2331 accesserat,
1441 2288 1484 2323 et

93 2350 185 2389 Iani
224 2358 445 2404 susceptus
482 2351 665 2404 hospitio
699 2351 824 2391 rudes
862 2351 958 2391 illos
998 2351 1190 2391 homines
1223 2355 1265 2390 et
1297 2355 1483 2403 agrestes

90 2417 225 2457 multa
250 2418 394 2458 docuit
419 2422 467 2458 ut
492 2418 727 2458 Graeculus
764 2424 805 2458 et
841 2418 1011 2472 politus,
1037 2418 1203 2458 litteras
1229 2418 1482 2471 imprimere,

1525 2226 1542 2256 <21
