1704 2704
129 2350 142 2378 1

182 82 205 121 5
217 83 240 122 6
728 83 1026 126 OCTAVIUS

181 191 297 231 entia
332 191 511 245 perditis
548 191 849 246 sceleratisque
886 193 1037 233 tribuit
1073 193 1236 243 altaria,
1272 199 1318 234 ut
1354 194 1397 234 id
1433 195 1577 236 colant

181 258 294 312 quod
326 263 553 300 merentur.
626 260 717 300 Iam
743 260 793 301 de
819 260 1042 301 initiandis
1067 261 1296 302 tirunculis
1323 261 1465 302 fabula
1489 268 1577 303 tani

181 325 430 367 detestanda
466 340 594 380 quani
630 333 730 368 nota
766 332 839 368 cst.
930 328 1078 368 Infans
1116 330 1225 369 farre
1263 334 1494 378 contectus,
1531 336 1579 370 ut

182 393 364 446 decipiat
399 394 603 443 incautos,
629 395 858 448 apponitur
896 396 932 434 ci
970 396 1042 448 qui
1076 396 1206 436 sacris
1238 396 1463 437 imbuatur.
1536 398 1579 438 Is

180 460 321 501 infans
348 474 371 501 a
396 461 612 502 tirunculo
638 462 760 502 farris
787 463 1006 515 superficie
1026 463 1147 516 quasi
1172 463 1225 503 ad
1250 464 1445 505 innoxios
1470 465 1580 505 ictus

181 534 410 581 provocato
436 529 569 570 caecis
590 529 851 583 occultisque
873 530 1123 571 vulneribus
1144 530 1363 571 occiditur.
1425 531 1578 580 Huius,

182 609 255 649 pro
292 596 436 637 nefas!
472 596 666 637 sitienter
701 597 952 650 sanguinem
988 597 1195 647 lambunt,
1220 598 1347 639 huius
1384 599 1578 639 certatim

182 662 370 704 membra
411 663 684 717 dispertiunt,
727 664 806 704 hac
848 664 1123 705 foederantur
1169 665 1318 713 hostia,
1357 665 1435 706 hac
1483 680 1579 706 con-

181 730 360 770 scientia
379 731 546 771 sceleris
567 731 619 771 ad
639 731 861 772 silentium
885 736 1084 772 mutuum
1111 733 1401 786 pignerantur.
1461 733 1581 774 Haec

182 811 298 838 saera
345 797 576 852 sacrilegiis
623 799 820 839 omnibus
869 800 1081 840 taetriora.
1160 800 1215 840 Et
1276 800 1327 841 de
1386 801 1581 841 convivio

182 870 333 905 notum
359 870 451 916 est3
487 865 646 918 passim
671 879 816 907 omnes
853 865 1100 920 loquuntur,
1126 867 1168 907 id
1206 867 1335 908 etiam
1375 868 1581 909 Cirtensis

182 932 319 972 nostri
344 936 529 973 testatur
547 933 692 975 oratio.
746 933 814 973 Ad
835 934 981 987 epulas
1007 934 1186 975 solemni
1211 935 1279 975 die
1305 940 1460 976 coeunt
1485 949 1581 976 cum

182 1000 378 1040 omnibus
404 999 558 1049 liberis,
584 1000 808 1048 sororibus,
828 1001 1047 1051 matribus,
1066 1015 1191 1042 sexus
1217 1003 1354 1043 omnis
1379 1002 1584 1051 homines,

183 1072 225 1107 et
244 1067 381 1108 omnis
401 1067 564 1108 aetatis.
637 1067 735 1108 Illic
759 1073 856 1122 post
881 1069 1038 1109 multas
1065 1069 1222 1122 epulas,
1238 1069 1310 1109 ubi
1336 1070 1582 1110 convivium

183 1133 316 1175 caluit
349 1139 393 1175 et
428 1136 615 1176 incestae
651 1135 843 1176 libidinis
880 1136 1055 1177 ebriatis
1092 1137 1233 1177 fervor
1257 1137 1428 1185 exarsit,
1453 1138 1583 1186 canis,

182 1202 256 1255 qui
294 1201 546 1243 candelabro
586 1216 721 1243 nexus
759 1208 834 1250 est,
874 1203 987 1244 iactu
1036 1203 1189 1244 offulae
1232 1203 1347 1244 ultra
1393 1205 1582 1258 spatium

183 1268 333 1318 lineae,
350 1283 434 1322 qua
460 1270 632 1310 vinctus
657 1274 732 1318 est,
751 1270 803 1310 ad
829 1270 1039 1324 impetum
1067 1275 1109 1312 et
1135 1271 1292 1312 saltum
1318 1277 1580 1325 provocatur.

186 1337 265 1385 Sic,
303 1350 447 1378 everso
490 1342 534 1378 et
575 1337 787 1378 exstincto
831 1338 998 1379 conscio
1046 1338 1222 1387 lumine,
1259 1338 1583 1392 impudentibus

185 1404 371 1445 tenebris
410 1418 546 1445 nexus
588 1404 788 1445 infandae
837 1405 1087 1459 cupiditatis
1125 1406 1365 1446 *involvunt
1400 1420 1476 1460 per
1517 1407 1582 1447 in-

185 1476 349 1512 certum
386 1472 523 1521 sortis,
555 1472 635 1513 etsi
671 1486 756 1512 non
794 1486 939 1514 omnes
974 1486 1111 1526 opera,
1144 1473 1405 1514 conscientia
1439 1479 1583 1515 tamen

184 1539 343 1592 pariter
396 1539 562 1587 incesti,
604 1540 803 1593 quoniam
855 1545 953 1581 voto
1012 1540 1307 1582 universorum
1367 1542 1585 1595 appetitur

185 1606 395 1660 quidquid
421 1607 611 1648 accidere
636 1612 777 1660 potest
802 1607 845 1647 in
873 1613 970 1648 actu
996 1607 1270 1662 singulorum.

711 1810 984 1851 CHAPTER
1019 1811 1060 1850 X

185 1909 345 1961 Secreey
368 1909 405 1948 is
430 1908 493 1948 the
518 1909 639 1948 main
652 1909 822 1961 feature
847 1910 895 1962 of
913 1909 977 1949 the
999 1909 1216 1950 Christian
1234 1908 1421 1961 worship.
1445 1912 1447 1914 ’
1501 1909 1585 1950 Uri-

319 1975 399 2015 like
434 1975 497 2015 the
532 1975 804 2029 Jews—poor
846 1976 1184 2016 ‹araches—who
1219 1976 1475 2030 worshipped
1515 1990 1586 2016 one

317 2043 397 2095 qod
420 2043 516 2090 also,
532 2043 596 2082 the
618 2043 857 2084 Christians
875 2044 975 2083 have
994 2043 1152 2084 neither
1171 2043 1333 2096 temples
1351 2057 1429 2083 rior
1444 2044 1588 2096 public

319 2110 566 2150 ceremonias.
641 2110 766 2150 Their
799 2111 889 2163 qod,
915 2115 986 2158 too,
1012 2111 1048 2151 is
1071 2125 1098 2151 a
1127 2111 1320 2164 peculia-r
1343 2111 1588 2163 iozquisitive

320 2177 577 2225 individua&
601 2177 690 2218 who
720 2179 757 2217 is
787 2179 985 2231 supposed
1008 2182 1045 2218 to
1072 2178 1111 2218 be
1137 2178 1392 2230 everywhere,
1418 2178 1487 2218 but
1512 2192 1588 2218 eafa,

320 2245 462 2284 attend
486 2250 523 2284 to
550 2245 721 2297 riothiozy
736 2246 945 2299 properly.

273 2342 415 2384 Multa
441 2347 661 2397 praetereo
681 2344 901 2385 consulto:
938 2357 1037 2384 nam
1071 2348 1113 2384 et
1148 2344 1252 2384 haec
1290 2343 1417 2383 nimis
1452 2342 1586 2383 multa

189 2416 290 2450 sunt
328 2424 435 2463 quae
461 2415 535 2451 aut
561 2411 704 2451 omnia
728 2416 804 2452 aut
829 2411 1032 2464 pleraque
1058 2412 1249 2452 omnium
1274 2424 1373 2451 vera
1399 2410 1588 2451 declarat
