<?xml version="1.0" encoding="UTF-8"?>
<!DOCTYPE html PUBLIC "-//W3C//DTD XHTML 1.0 Transitional//EN"
    "http://www.w3.org/TR/xhtml1/DTD/xhtml1-transitional.dtd">
<html xmlns="http://www.w3.org/1999/xhtml" xml:lang="en" lang="en">
 <head>
  <title>
</title>
<meta http-equiv="Content-Type" content="text/html;charset=utf-8" />
  <meta name='ocr-system' content='tesseract 3.04.00' />
  <meta name='ocr-capabilities' content='ocr_page ocr_carea ocr_par ocr_line ocrx_word'/>
</head>
<body>
  <div class='ocr_page' id='page_1' title='image "./octaviusfahy00minu_0088.png"; bbox 0 0 1704 2704; ppageno 0'>
   <div class='ocr_carea' id='block_1_1' title="bbox 150 100 999 145">
    <p class='ocr_par' dir='ltr' id='par_1_1' title="bbox 150 100 999 145">
     <span class='ocr_line' id='line_1_1' title="bbox 150 100 999 145; baseline -0.004 -1"><span class='ocrx_word' id='word_1_1' title='bbox 150 101 175 145; x_wconf 86' lang='lat'><strong>7</strong></span> <span class='ocrx_word' id='word_1_2' title='bbox 185 103 209 142; x_wconf 85' lang='lat'>2</span> <span class='ocrx_word' id='word_1_3' title='bbox 698 100 999 143; x_wconf 84' lang='lat' dir='ltr'>OCTAVIUS</span> 
     </span>
    </p>
   </div>
   <div class='ocr_carea' id='block_1_2' title="bbox 652 279 1058 320">
    <p class='ocr_par' dir='ltr' id='par_1_2' title="bbox 652 279 1058 320">
     <span class='ocr_line' id='line_1_2' title="bbox 652 279 1058 320; baseline -0.005 0"><span class='ocrx_word' id='word_1_4' title='bbox 652 279 923 320; x_wconf 80' lang='lat' dir='ltr'><strong>CHAPTER</strong></span> <span class='ocrx_word' id='word_1_5' title='bbox 971 279 1058 319; x_wconf 84' lang='lat' dir='ltr'><em>XX</em></span> 
     </span>
    </p>
   </div>
   <div class='ocr_carea' id='block_1_3' title="bbox 153 377 1552 771">
    <p class='ocr_par' dir='ltr' id='par_1_3' title="bbox 153 377 1552 771">
     <span class='ocr_line' id='line_1_3' title="bbox 153 377 1552 435; baseline -0.004 -14"><span class='ocrx_word' id='word_1_6' title='bbox 153 380 235 420; x_wconf 82' lang='lat' dir='ltr'><em>The</em></span> <span class='ocrx_word' id='word_1_7' title='bbox 253 381 517 433; x_wconf 71' lang='lat' dir='ltr'><em>polytheistic</em></span> <span class='ocrx_word' id='word_1_8' title='bbox 531 381 667 435; x_wconf 77' lang='lat' dir='ltr'><em>sables</em></span> <span class='ocrx_word' id='word_1_9' title='bbox 691 382 740 435; x_wconf 81' lang='lat' dir='ltr'><em>of</em></span> <span class='ocrx_word' id='word_1_10' title='bbox 757 382 921 421; x_wconf 71' lang='lat' dir='ltr'><em>ancient</em></span> <span class='ocrx_word' id='word_1_11' title='bbox 938 384 1052 433; x_wconf 73' lang='lat' dir='ltr'><em>poets</em></span> <span class='ocrx_word' id='word_1_12' title='bbox 1076 379 1177 418; x_wconf 72' lang='lat' dir='ltr'><em>have</em></span> <span class='ocrx_word' id='word_1_13' title='bbox 1202 378 1292 418; x_wconf 78' lang='lat' dir='ltr'><em>been</em></span> <span class='ocrx_word' id='word_1_14' title='bbox 1316 377 1478 430; x_wconf 67' lang='lat' dir='ltr'><em>rcfntect</em></span> <span class='ocrx_word' id='word_1_15' title='bbox 1503 377 1552 431; x_wconf 71' lang='lat' dir='ltr'><em>by</em></span> 
     </span>
     <span class='ocr_line' id='line_1_4' title="bbox 281 444 1552 502; baseline -0.004 -14"><span class='ocrx_word' id='word_1_16' title='bbox 281 449 444 488; x_wconf 73' lang='lat' dir='ltr'><em>ancient</em></span> <span class='ocrx_word' id='word_1_17' title='bbox 461 449 745 502; x_wconf 64' lang='lat' dir='ltr'><em>philosopham</em></span> <span class='ocrx_word' id='word_1_18' title='bbox 775 448 919 488; x_wconf 70' lang='lat' dir='ltr'><em>backed</em></span> <span class='ocrx_word' id='word_1_19' title='bbox 951 448 1000 500; x_wconf 69' lang='lat' dir='ltr'><em>by</em></span> <span class='ocrx_word' id='word_1_20' title='bbox 1023 459 1332 487; x_wconf 75' lang='lat' dir='ltr'><em>common-sense</em></span> <span class='ocrx_word' id='word_1_21' title='bbox 1366 444 1453 484; x_wconf 78' lang='lat' dir='ltr'><em>ancl</em></span> <span class='ocrx_word' id='word_1_22' title='bbox 1488 445 1552 484; x_wconf 78' lang='lat' dir='ltr'><em>the</em></span> 
     </span>
     <span class='ocr_line' id='line_1_5' title="bbox 286 512 1550 569; baseline -0.004 -13"><span class='ocrx_word' id='word_1_23' title='bbox 286 517 501 569; x_wconf 71' lang='lat' dir='ltr'><em>testimony</em></span> <span class='ocrx_word' id='word_1_24' title='bbox 535 516 583 569; x_wconf 77' lang='lat' dir='ltr'><em>of</em></span> <span class='ocrx_word' id='word_1_25' title='bbox 612 516 837 569; x_wconf 73' lang='lat' dir='ltr'><em>antiquity.</em></span> <span class='ocrx_word' id='word_1_26' title='bbox 911 514 997 555; x_wconf 76' lang='lat' dir='ltr'><em>Onr</em></span> <span class='ocrx_word' id='word_1_27' title='bbox 1031 518 1230 553; x_wconf 73' lang='lat' dir='ltr'><em>ancestors</em></span> <span class='ocrx_word' id='word_1_28' title='bbox 1264 526 1364 552; x_wconf 72' lang='lat' dir='ltr'><em>were</em></span> <span class='ocrx_word' id='word_1_29' title='bbox 1388 512 1550 564; x_wconf 72' lang='lat' dir='ltr'><em>simple-</em></span> 
     </span>
     <span class='ocr_line' id='line_1_6' title="bbox 282 579 1552 636; baseline -0.004 -13"><span class='ocrx_word' id='word_1_30' title='bbox 282 583 454 624; x_wconf 74' lang='lat' dir='ltr'><em>minded</em></span> <span class='ocrx_word' id='word_1_31' title='bbox 482 583 622 636; x_wconf 76' lang='lat' dir='ltr'><em>people</em></span> <span class='ocrx_word' id='word_1_32' title='bbox 657 584 705 623; x_wconf 71' lang='lat' dir='ltr'><em>in</em></span> <span class='ocrx_word' id='word_1_33' title='bbox 741 583 852 622; x_wconf 66' lang='lat' dir='ltr'><em>other</em></span> <span class='ocrx_word' id='word_1_34' title='bbox 888 587 1056 622; x_wconf 74' lang='lat' dir='ltr'><em>matters</em></span> <span class='ocrx_word' id='word_1_35' title='bbox 1085 595 1130 621; x_wconf 81' lang='lat' dir='ltr'><em>as</em></span> <span class='ocrx_word' id='word_1_36' title='bbox 1157 580 1246 620; x_wconf 79' lang='lat' dir='ltr'><em>well</em></span> <span class='ocrx_word' id='word_1_37' title='bbox 1281 593 1327 620; x_wconf 75' lang='lat' dir='ltr'><em>as</em></span> <span class='ocrx_word' id='word_1_38' title='bbox 1361 580 1409 619; x_wconf 81' lang='lat' dir='ltr'><em>in</em></span> <span class='ocrx_word' id='word_1_39' title='bbox 1444 579 1552 619; x_wconf 74' lang='lat' dir='ltr'><em>their</em></span> 
     </span>
     <span class='ocr_line' id='line_1_7' title="bbox 282 646 1551 702; baseline -0.005 -11"><span class='ocrx_word' id='word_1_40' title='bbox 282 651 478 692; x_wconf 69' lang='lat' dir='ltr'><em>relations</em></span> <span class='ocrx_word' id='word_1_41' title='bbox 514 651 691 690; x_wconf 75' lang='lat' dir='ltr'><em>towards</em></span> <span class='ocrx_word' id='word_1_42' title='bbox 725 651 790 690; x_wconf 73' lang='lat' dir='ltr'><em>tho</em></span> <span class='ocrx_word' id='word_1_43' title='bbox 821 650 928 702; x_wconf 73' lang='lat' dir='ltr'><em>qocls.</em></span> <span class='ocrx_word' id='word_1_44' title='bbox 1005 649 1130 689; x_wconf 70' lang='lat' dir='ltr'><em>Their</em></span> <span class='ocrx_word' id='word_1_45' title='bbox 1161 647 1263 700; x_wconf 74' lang='lat' dir='ltr'><em>yoocl</em></span> <span class='ocrx_word' id='word_1_46' title='bbox 1297 651 1447 687; x_wconf 74' lang='lat' dir='ltr'><em>nature</em></span> <span class='ocrx_word' id='word_1_47' title='bbox 1488 646 1551 686; x_wconf 80' lang='lat' dir='ltr'><em>led</em></span> 
     </span>
     <span class='ocr_line' id='line_1_8' title="bbox 282 719 564 771; baseline -0.007 -12"><span class='ocrx_word' id='word_1_48' title='bbox 282 719 386 759; x_wconf 70' lang='lat' dir='ltr'><em>thom</em></span> <span class='ocrx_word' id='word_1_49' title='bbox 413 723 564 771; x_wconf 70' lang='lat' dir='ltr'><em>astrags.</em></span> 
     </span>
    </p>
   </div>
   <div class='ocr_carea' id='block_1_4' title="bbox 147 811 1552 2482">
    <p class='ocr_par' dir='ltr' id='par_1_4' title="bbox 149 811 1552 1126">
     <span class='ocr_line' id='line_1_9' title="bbox 234 811 1551 870; baseline -0.004 -14"><span class='ocrx_word' id='word_1_50' title='bbox 234 815 425 869; x_wconf 81' lang='lat' dir='ltr'><strong>Exposui</strong></span> <span class='ocrx_word' id='word_1_51' title='bbox 467 815 687 868; x_wconf 80' lang='lat' dir='ltr'><em>opiniones</em></span> <span class='ocrx_word' id='word_1_52' title='bbox 746 814 937 870; x_wconf 78' lang='lat' dir='ltr'><em>omnium</em></span> <span class='ocrx_word' id='word_1_53' title='bbox 998 814 1128 854; x_wconf 87' lang='lat' dir='ltr'><em>ferme</em></span> <span class='ocrx_word' id='word_1_54' title='bbox 1188 811 1551 865; x_wconf 88' lang='lat' dir='ltr'><em>philosophorum,</em></span> 
     </span>
     <span class='ocr_line' id='line_1_10' title="bbox 149 878 1552 936; baseline -0.003 -13"><span class='ocrx_word' id='word_1_55' title='bbox 149 883 303 936; x_wconf 86' lang='lat' dir='ltr'><em>quibus</em></span> <span class='ocrx_word' id='word_1_56' title='bbox 351 882 558 923; x_wconf 75' lang='lat' dir='ltr'><em>illustrior</em></span> <span class='ocrx_word' id='word_1_57' title='bbox 604 881 737 935; x_wconf 79' lang='lat' dir='ltr'><em>gloria</em></span> <span class='ocrx_word' id='word_1_58' title='bbox 773 886 848 931; x_wconf 85' lang='lat' dir='ltr'><em>est,</em></span> <span class='ocrx_word' id='word_1_59' title='bbox 887 881 1014 922; x_wconf 87' lang='lat' dir='ltr'><em>deum</em></span> <span class='ocrx_word' id='word_1_60' title='bbox 1063 894 1197 920; x_wconf 88' lang='lat' dir='ltr'><em>unum</em></span> <span class='ocrx_word' id='word_1_61' title='bbox 1244 879 1393 920; x_wconf 87' lang='lat' dir='ltr'><em>multis</em></span> <span class='ocrx_word' id='word_1_62' title='bbox 1451 878 1552 920; x_wconf 87' lang='lat' dir='ltr'><em>licet</em></span> 
     </span>
     <span class='ocr_line' id='line_1_11' title="bbox 149 948 1551 1004; baseline -0.003 -14"><span class='ocrx_word' id='word_1_63' title='bbox 149 950 392 1004; x_wconf 74' lang='lat' dir='ltr'>designasse</span> <span class='ocrx_word' id='word_1_64' title='bbox 439 950 696 999; x_wconf 84' lang='lat' dir='ltr'><em>nominibus,</em></span> <span class='ocrx_word' id='word_1_65' title='bbox 738 954 787 990; x_wconf 92' lang='lat' dir='ltr'><em>ut</em></span> <span class='ocrx_word' id='word_1_66' title='bbox 834 949 976 1002; x_wconf 88' lang='lat' dir='ltr'><em>quivis</em></span> <span class='ocrx_word' id='word_1_67' title='bbox 1017 948 1262 1004; x_wconf 70' lang='lat' dir='ltr'><em>arbitretur,</em></span> <span class='ocrx_word' id='word_1_68' title='bbox 1308 952 1384 987; x_wconf 85' lang='lat' dir='ltr'><em>aut</em></span> <span class='ocrx_word' id='word_1_69' title='bbox 1436 960 1551 986; x_wconf 91' lang='lat' dir='ltr'><em>nunc</em></span> 
     </span>
     <span class='ocr_line' id='line_1_12' title="bbox 149 1014 1549 1070; baseline -0.004 -12"><span class='ocrx_word' id='word_1_70' title='bbox 149 1018 414 1058; x_wconf 82' lang='lat' dir='ltr'><em>Christianos</em></span> <span class='ocrx_word' id='word_1_71' title='bbox 451 1016 724 1070; x_wconf 81' lang='lat' dir='ltr'><em>philosophos</em></span> <span class='ocrx_word' id='word_1_72' title='bbox 760 1029 850 1057; x_wconf 85' lang='lat' dir='ltr'><em>esse</em></span> <span class='ocrx_word' id='word_1_73' title='bbox 882 1022 958 1056; x_wconf 89' lang='lat' dir='ltr'><em>aut</em></span> <span class='ocrx_word' id='word_1_74' title='bbox 994 1015 1267 1069; x_wconf 86' lang='lat' dir='ltr'><em>philosophos</em></span> <span class='ocrx_word' id='word_1_75' title='bbox 1303 1014 1434 1054; x_wconf 85' lang='lat' dir='ltr'><em>fuisse</em></span> <span class='ocrx_word' id='word_1_76' title='bbox 1466 1014 1549 1054; x_wconf 88' lang='lat' dir='ltr'><em>iam</em></span> 
     </span>
     <span class='ocr_line' id='line_1_13' title="bbox 149 1084 554 1126; baseline -0.005 0"><span class='ocrx_word' id='word_1_77' title='bbox 149 1089 252 1126; x_wconf 86' lang='lat' dir='ltr'><em>tunc</em></span> <span class='ocrx_word' id='word_1_78' title='bbox 278 1084 554 1126; x_wconf 77' lang='lat' dir='ltr'><em>Christianos.</em></span> 
     </span>
    </p>

    <p class='ocr_par' dir='ltr' id='par_1_5' title="bbox 147 1148 1552 2080">
     <span class='ocr_line' id='line_1_14' title="bbox 232 1148 1552 1205; baseline -0.003 -13"><span class='ocrx_word' id='word_1_79' title='bbox 232 1152 354 1201; x_wconf 74' lang='lat' dir='ltr'><em>Quod</em></span> <span class='ocrx_word' id='word_1_80' title='bbox 380 1152 415 1192; x_wconf 89' lang='lat' dir='ltr'><em>si</em></span> <span class='ocrx_word' id='word_1_81' title='bbox 440 1151 711 1205; x_wconf 83' lang='lat' dir='ltr'><em>providentia</em></span> <span class='ocrx_word' id='word_1_82' title='bbox 735 1149 921 1191; x_wconf 89' lang='lat' dir='ltr'><em>mundus</em></span> <span class='ocrx_word' id='word_1_83' title='bbox 946 1149 1107 1204; x_wconf 85' lang='lat' dir='ltr'><em>regitur</em></span> <span class='ocrx_word' id='word_1_84' title='bbox 1132 1154 1173 1190; x_wconf 89' lang='lat' dir='ltr'><em>et</em></span> <span class='ocrx_word' id='word_1_85' title='bbox 1198 1149 1327 1189; x_wconf 89' lang='lat' dir='ltr'><em>unius</em></span> <span class='ocrx_word' id='word_1_86' title='bbox 1353 1148 1421 1189; x_wconf 90' lang='lat' dir='ltr'><em>dei</em></span> <span class='ocrx_word' id='word_1_87' title='bbox 1440 1152 1552 1189; x_wconf 91' lang='lat' dir='ltr'><em>nutu</em></span> 
     </span>
     <span class='ocr_line' id='line_1_15' title="bbox 147 1215 1550 1274; baseline -0.004 -14"><span class='ocrx_word' id='word_1_88' title='bbox 147 1219 418 1274; x_wconf 86' lang='lat' dir='ltr'><em>gubernatur,</em></span> <span class='ocrx_word' id='word_1_89' title='bbox 445 1233 529 1259; x_wconf 90' lang='lat' dir='ltr'><em>non</em></span> <span class='ocrx_word' id='word_1_90' title='bbox 556 1231 632 1258; x_wconf 92' lang='lat' dir='ltr'><em>nos</em></span> <span class='ocrx_word' id='word_1_91' title='bbox 658 1217 784 1259; x_wconf 87' lang='lat' dir='ltr'><em>debet</em></span> <span class='ocrx_word' id='word_1_92' title='bbox 803 1217 1039 1270; x_wconf 73' lang='lat' dir='ltr'><em>antiquitas</em></span> <span class='ocrx_word' id='word_1_93' title='bbox 1055 1217 1367 1270; x_wconf 81' lang='lat' dir='ltr'><em>imperitorum,</em></span> <span class='ocrx_word' id='word_1_94' title='bbox 1383 1215 1550 1256; x_wconf 86' lang='lat' dir='ltr'><em>fabellis</em></span> 
     </span>
     <span class='ocr_line' id='line_1_16' title="bbox 148 1284 1549 1339; baseline -0.004 -11"><span class='ocrx_word' id='word_1_95' title='bbox 148 1287 236 1328; x_wconf 89' lang='lat' dir='ltr'><em>suis</em></span> <span class='ocrx_word' id='word_1_96' title='bbox 275 1286 486 1327; x_wconf 87' lang='lat' dir='ltr'><em>delectata</em></span> <span class='ocrx_word' id='word_1_97' title='bbox 523 1285 592 1326; x_wconf 81' lang='lat' dir='ltr'><em>vel</em></span> <span class='ocrx_word' id='word_1_98' title='bbox 629 1290 765 1339; x_wconf 86' lang='lat' dir='ltr'><em>capta,</em></span> <span class='ocrx_word' id='word_1_99' title='bbox 789 1285 843 1325; x_wconf 87' lang='lat' dir='ltr'><em>ad</em></span> <span class='ocrx_word' id='word_1_100' title='bbox 879 1298 1061 1325; x_wconf 87' lang='lat' dir='ltr'><em>errorem</em></span> <span class='ocrx_word' id='word_1_101' title='bbox 1096 1284 1237 1324; x_wconf 85' lang='lat' dir='ltr'><em>mutui</em></span> <span class='ocrx_word' id='word_1_102' title='bbox 1271 1296 1418 1337; x_wconf 84' lang='lat' dir='ltr'><em>rapere</em></span> <span class='ocrx_word' id='word_1_103' title='bbox 1451 1296 1549 1323; x_wconf 88' lang='lat' dir='ltr'><em>oon-</em></span> 
     </span>
     <span class='ocr_line' id='line_1_17' title="bbox 148 1350 1552 1407; baseline -0.003 -13"><span class='ocrx_word' id='word_1_104' title='bbox 148 1368 307 1402; x_wconf 89' lang='lat' dir='ltr'><em>sensus,</em></span> <span class='ocrx_word' id='word_1_105' title='bbox 333 1367 429 1394; x_wconf 90' lang='lat' dir='ltr'><em>cum</em></span> <span class='ocrx_word' id='word_1_106' title='bbox 459 1352 810 1407; x_wconf 88' lang='lat' dir='ltr'><em>philosophorum</em></span> <span class='ocrx_word' id='word_1_107' title='bbox 845 1365 1018 1392; x_wconf 89' lang='lat' dir='ltr'><em>suorum</em></span> <span class='ocrx_word' id='word_1_108' title='bbox 1055 1351 1280 1392; x_wconf 79' lang='lat' dir='ltr'><em>sententiis</em></span> <span class='ocrx_word' id='word_1_109' title='bbox 1317 1350 1552 1398; x_wconf 85' lang='lat' dir='ltr'><em>refellatur,</em></span> 
     </span>
     <span class='ocr_line' id='line_1_18' title="bbox 149 1418 1548 1475; baseline -0.003 -13"><span class='ocrx_word' id='word_1_110' title='bbox 149 1422 304 1475; x_wconf 87' lang='lat' dir='ltr'><em>quibus</em></span> <span class='ocrx_word' id='word_1_111' title='bbox 360 1425 403 1462; x_wconf 91' lang='lat' dir='ltr'><em>et</em></span> <span class='ocrx_word' id='word_1_112' title='bbox 450 1420 629 1461; x_wconf 86' lang='lat' dir='ltr'><em>rationis</em></span> <span class='ocrx_word' id='word_1_113' title='bbox 684 1426 728 1461; x_wconf 89' lang='lat' dir='ltr'><em>et</em></span> <span class='ocrx_word' id='word_1_114' title='bbox 786 1419 1017 1460; x_wconf 86' lang='lat' dir='ltr'><em>vetustatis</em></span> <span class='ocrx_word' id='word_1_115' title='bbox 1083 1419 1247 1459; x_wconf 82' lang='lat' dir='ltr'><em>assistit</em></span> <span class='ocrx_word' id='word_1_116' title='bbox 1304 1418 1548 1459; x_wconf 86' lang='lat' dir='ltr'><em>auctoritas.</em></span> 
     </span>
     <span class='ocr_line' id='line_1_19' title="bbox 149 1485 1549 1529; baseline -0.003 0"><span class='ocrx_word' id='word_1_117' title='bbox 149 1489 387 1529; x_wconf 83' lang='lat' dir='ltr'><em>Maioribus</em></span> <span class='ocrx_word' id='word_1_118' title='bbox 426 1488 540 1529; x_wconf 89' lang='lat' dir='ltr'><em>enim</em></span> <span class='ocrx_word' id='word_1_119' title='bbox 579 1487 735 1528; x_wconf 89' lang='lat' dir='ltr'><em>nostris</em></span> <span class='ocrx_word' id='word_1_120' title='bbox 778 1492 866 1527; x_wconf 86' lang='lat' dir='ltr'><em>tam</em></span> <span class='ocrx_word' id='word_1_121' title='bbox 905 1486 1044 1527; x_wconf 82' lang='lat' dir='ltr'><em>facilis</em></span> <span class='ocrx_word' id='word_1_122' title='bbox 1089 1487 1135 1526; x_wconf 89' lang='lat' dir='ltr'><em>in</em></span> <span class='ocrx_word' id='word_1_123' title='bbox 1171 1485 1403 1526; x_wconf 81' lang='lat' dir='ltr'><em>mendaciis</em></span> <span class='ocrx_word' id='word_1_124' title='bbox 1446 1485 1549 1526; x_wconf 88' lang='lat' dir='ltr'><em>fides</em></span> 
     </span>
     <span class='ocr_line' id='line_1_20' title="bbox 148 1553 1551 1604; baseline -0.004 -7"><span class='ocrx_word' id='word_1_125' title='bbox 148 1557 243 1604; x_wconf 88' lang='lat' dir='ltr'><em>fuit,</em></span> <span class='ocrx_word' id='word_1_126' title='bbox 278 1562 328 1597; x_wconf 88' lang='lat' dir='ltr'><em>ut</em></span> <span class='ocrx_word' id='word_1_127' title='bbox 362 1561 521 1596; x_wconf 87' lang='lat' dir='ltr'><em>temere</em></span> <span class='ocrx_word' id='word_1_128' title='bbox 557 1554 816 1595; x_wconf 79' lang='lat' dir='ltr'><em>crediderint</em></span> <span class='ocrx_word' id='word_1_129' title='bbox 851 1554 981 1595; x_wconf 89' lang='lat' dir='ltr'><em>etiam</em></span> <span class='ocrx_word' id='word_1_130' title='bbox 1014 1553 1099 1594; x_wconf 87' lang='lat' dir='ltr'><em>alia</em></span> <span class='ocrx_word' id='word_1_131' title='bbox 1131 1558 1411 1601; x_wconf 86' lang='lat' dir='ltr'><em>monstruosa,</em></span> <span class='ocrx_word' id='word_1_132' title='bbox 1444 1553 1551 1592; x_wconf 86' lang='lat' dir='ltr'><em>mira</em></span> 
     </span>
     <span class='ocr_line' id='line_1_21' title="bbox 149 1620 1551 1677; baseline -0.004 -13"><span class='ocrx_word' id='word_1_133' title='bbox 149 1623 379 1664; x_wconf 84' lang='lat' dir='ltr'><em>miracula:</em></span> <span class='ocrx_word' id='word_1_134' title='bbox 417 1623 604 1677; x_wconf 79' lang='lat' dir='ltr'><em>Scyllam</em></span> <span class='ocrx_word' id='word_1_135' title='bbox 629 1621 922 1675; x_wconf 83' lang='lat' dir='ltr'><em>multiplicem,</em></span> <span class='ocrx_word' id='word_1_136' title='bbox 949 1620 1217 1661; x_wconf 86' lang='lat' dir='ltr'><em>Chimaeram</em></span> <span class='ocrx_word' id='word_1_137' title='bbox 1242 1620 1551 1660; x_wconf 85' lang='lat' dir='ltr'><em>multiformem</em></span> 
     </span>
     <span class='ocr_line' id='line_1_22' title="bbox 150 1687 1550 1745; baseline -0.003 -14"><span class='ocrx_word' id='word_1_138' title='bbox 150 1696 192 1731; x_wconf 89' lang='lat' dir='ltr'><em>et</em></span> <span class='ocrx_word' id='word_1_139' title='bbox 217 1690 412 1745; x_wconf 87' lang='lat' dir='ltr'><em>Hydram</em></span> <span class='ocrx_word' id='word_1_140' title='bbox 437 1690 632 1730; x_wconf 89' lang='lat' dir='ltr'><em>felicibus</em></span> <span class='ocrx_word' id='word_1_141' title='bbox 654 1688 905 1730; x_wconf 87' lang='lat' dir='ltr'><em>vulneribus</em></span> <span class='ocrx_word' id='word_1_142' title='bbox 930 1693 1221 1729; x_wconf 84' lang='lat' dir='ltr'><em>renascentem</em></span> <span class='ocrx_word' id='word_1_143' title='bbox 1247 1692 1289 1728; x_wconf 90' lang='lat' dir='ltr'><em>et</em></span> <span class='ocrx_word' id='word_1_144' title='bbox 1315 1687 1550 1728; x_wconf 87' lang='lat' dir='ltr'><em>Centauros</em></span> 
     </span>
     <span class='ocr_line' id='line_1_23' title="bbox 150 1754 1552 1811; baseline -0.004 -12"><span class='ocrx_word' id='word_1_145' title='bbox 150 1772 279 1811; x_wconf 87' lang='lat' dir='ltr'><em>equos</em></span> <span class='ocrx_word' id='word_1_146' title='bbox 316 1758 404 1798; x_wconf 88' lang='lat' dir='ltr'><em>suis</em></span> <span class='ocrx_word' id='word_1_147' title='bbox 439 1757 685 1797; x_wconf 86' lang='lat' dir='ltr'><em>hominibus</em></span> <span class='ocrx_word' id='word_1_148' title='bbox 721 1756 941 1810; x_wconf 87' lang='lat' dir='ltr'><em>implexos,</em></span> <span class='ocrx_word' id='word_1_149' title='bbox 966 1760 1008 1797; x_wconf 88' lang='lat' dir='ltr'><em>et</em></span> <span class='ocrx_word' id='word_1_150' title='bbox 1044 1755 1253 1809; x_wconf 89' lang='lat' dir='ltr'><em>quidquid</em></span> <span class='ocrx_word' id='word_1_151' title='bbox 1290 1755 1426 1794; x_wconf 87' lang='lat' dir='ltr'><em>famae</em></span> <span class='ocrx_word' id='word_1_152' title='bbox 1451 1754 1552 1795; x_wconf 89' lang='lat' dir='ltr'><em>licet</em></span> 
     </span>
     <span class='ocr_line' id='line_1_24' title="bbox 151 1821 1550 1879; baseline -0.003 -14"><span class='ocrx_word' id='word_1_153' title='bbox 151 1826 318 1879; x_wconf 81' lang='lat' dir='ltr'><em>fingere,</em></span> <span class='ocrx_word' id='word_1_154' title='bbox 339 1825 425 1865; x_wconf 87' lang='lat' dir='ltr'><em>illis</em></span> <span class='ocrx_word' id='word_1_155' title='bbox 445 1830 535 1865; x_wconf 88' lang='lat' dir='ltr'><em>erat</em></span> <span class='ocrx_word' id='word_1_156' title='bbox 559 1824 745 1865; x_wconf 90' lang='lat' dir='ltr'><em>libenter</em></span> <span class='ocrx_word' id='word_1_157' title='bbox 764 1823 919 1864; x_wconf 86' lang='lat' dir='ltr'><em>audire.</em></span> <span class='ocrx_word' id='word_1_158' title='bbox 977 1822 1088 1872; x_wconf 81' lang='lat' dir='ltr'><em>Quid</em></span> <span class='ocrx_word' id='word_1_159' title='bbox 1108 1822 1204 1862; x_wconf 88' lang='lat' dir='ltr'><em>illas</em></span> <span class='ocrx_word' id='word_1_160' title='bbox 1224 1821 1357 1862; x_wconf 83' lang='lat' dir='ltr'><em>aniles</em></span> <span class='ocrx_word' id='word_1_161' title='bbox 1373 1821 1550 1870; x_wconf 85' lang='lat' dir='ltr'><em>fabulas,</em></span> 
     </span>
     <span class='ocr_line' id='line_1_25' title="bbox 151 1888 1550 1933; baseline -0.004 0"><span class='ocrx_word' id='word_1_162' title='bbox 151 1893 202 1933; x_wconf 87' lang='lat' dir='ltr'><em>de</em></span> <span class='ocrx_word' id='word_1_163' title='bbox 226 1892 471 1933; x_wconf 87' lang='lat' dir='ltr'><em>hominibus</em></span> <span class='ocrx_word' id='word_1_164' title='bbox 491 1905 589 1932; x_wconf 82' lang='lat' dir='ltr'><em>aves</em></span> <span class='ocrx_word' id='word_1_165' title='bbox 615 1896 656 1932; x_wconf 89' lang='lat' dir='ltr'><em>et</em></span> <span class='ocrx_word' id='word_1_166' title='bbox 681 1891 791 1932; x_wconf 88' lang='lat' dir='ltr'><em>feras</em></span> <span class='ocrx_word' id='word_1_167' title='bbox 811 1904 956 1931; x_wconf 90' lang='lat' dir='ltr'><em>omnes</em></span> <span class='ocrx_word' id='word_1_168' title='bbox 981 1895 1025 1931; x_wconf 89' lang='lat' dir='ltr'><em>et</em></span> <span class='ocrx_word' id='word_1_169' title='bbox 1049 1889 1101 1931; x_wconf 91' lang='lat' dir='ltr'><em>de</em></span> <span class='ocrx_word' id='word_1_170' title='bbox 1120 1889 1363 1930; x_wconf 88' lang='lat' dir='ltr'><em>hominibus</em></span> <span class='ocrx_word' id='word_1_171' title='bbox 1383 1888 1550 1929; x_wconf 88' lang='lat' dir='ltr'><em>arbores</em></span> 
     </span>
     <span class='ocr_line' id='line_1_26' title="bbox 150 1956 1550 2013; baseline -0.004 -13"><span class='ocrx_word' id='word_1_172' title='bbox 150 1966 278 2013; x_wconf 86' lang='lat' dir='ltr'><em>atque</em></span> <span class='ocrx_word' id='word_1_173' title='bbox 304 1960 460 2000; x_wconf 77' lang='lat' dir='ltr'><em>flores?</em></span> <span class='ocrx_word' id='word_1_174' title='bbox 496 1973 603 2013; x_wconf 86' lang='lat' dir='ltr'><em>quae</em></span> <span class='ocrx_word' id='word_1_175' title='bbox 629 1958 665 1999; x_wconf 90' lang='lat' dir='ltr'><em>si</em></span> <span class='ocrx_word' id='word_1_176' title='bbox 684 1962 826 1999; x_wconf 86' lang='lat' dir='ltr'><em>essent</em></span> <span class='ocrx_word' id='word_1_177' title='bbox 851 1957 973 2006; x_wconf 88' lang='lat' dir='ltr'><em>facta,</em></span> <span class='ocrx_word' id='word_1_178' title='bbox 998 1957 1175 1998; x_wconf 86' lang='lat' dir='ltr'><em>fierent:</em></span> <span class='ocrx_word' id='word_1_179' title='bbox 1212 1956 1312 2010; x_wconf 89' lang='lat' dir='ltr'><em>quia</em></span> <span class='ocrx_word' id='word_1_180' title='bbox 1336 1956 1428 1996; x_wconf 90' lang='lat' dir='ltr'><em>fieri</em></span> <span class='ocrx_word' id='word_1_181' title='bbox 1465 1970 1550 1996; x_wconf 86' lang='lat' dir='ltr'><em>non</em></span> 
     </span>
     <span class='ocr_line' id='line_1_27' title="bbox 151 2026 839 2080; baseline -0.003 -13"><span class='ocrx_word' id='word_1_182' title='bbox 151 2031 341 2080; x_wconf 86' lang='lat' dir='ltr'><em>possunt,</em></span> <span class='ocrx_word' id='word_1_183' title='bbox 368 2026 462 2067; x_wconf 88' lang='lat' dir='ltr'><em>ideo</em></span> <span class='ocrx_word' id='word_1_184' title='bbox 487 2039 565 2067; x_wconf 89' lang='lat' dir='ltr'><em>nec</em></span> <span class='ocrx_word' id='word_1_185' title='bbox 590 2026 702 2066; x_wconf 83' lang='lat' dir='ltr'><em>facta</em></span> <span class='ocrx_word' id='word_1_186' title='bbox 727 2029 839 2066; x_wconf 89' lang='lat' dir='ltr'><em>sunt.</em></span> 
     </span>
    </p>

    <p class='ocr_par' dir='ltr' id='par_1_6' title="bbox 150 2078 1550 2482">
     <span class='ocr_line' id='line_1_28' title="bbox 235 2078 1549 2147; baseline -0.004 -13"><span class='ocrx_word' id='word_1_187' title='bbox 235 2093 442 2134; x_wconf 85' lang='lat' dir='ltr'><em>Similiter</em></span> <span class='ocrx_word' id='word_1_188' title='bbox 465 2094 608 2146; x_wconf 76' lang='lat' dir='ltr'><em>absque</em></span> <span class='ocrx_word' id='word_1_189' title='bbox 632 2107 731 2133; x_wconf 86' lang='lat' dir='ltr'><em>vero</em></span> <span class='ocrx_word' id='word_1_190' title='bbox 757 2106 854 2147; x_wconf 84' lang='lat' dir='ltr'><em>erga</em></span> <span class='ocrx_word' id='word_1_191' title='bbox 869 2078 976 2132; x_wconf 56' lang='lat' dir='ltr'><em>&#39;deos</em></span> <span class='ocrx_word' id='word_1_192' title='bbox 1002 2105 1169 2145; x_wconf 89' lang='lat' dir='ltr'><em>quoque</em></span> <span class='ocrx_word' id='word_1_193' title='bbox 1194 2090 1372 2130; x_wconf 84' lang='lat' dir='ltr'><em>maiores</em></span> <span class='ocrx_word' id='word_1_194' title='bbox 1404 2090 1549 2138; x_wconf 86' lang='lat' dir='ltr'><em>nostri,</em></span> 
     </span>
     <span class='ocr_line' id='line_1_29' title="bbox 151 2157 1548 2215; baseline -0.004 -14"><span class='ocrx_word' id='word_1_195' title='bbox 151 2161 393 2215; x_wconf 81' lang='lat' dir='ltr'><em>improvidi,</em></span> <span class='ocrx_word' id='word_1_196' title='bbox 429 2160 593 2201; x_wconf 87' lang='lat' dir='ltr'><em>creduli</em></span> <span class='ocrx_word' id='word_1_197' title='bbox 631 2159 727 2200; x_wconf 87' lang='lat' dir='ltr'><em>rudi</em></span> <span class='ocrx_word' id='word_1_198' title='bbox 761 2159 1038 2213; x_wconf 88' lang='lat' dir='ltr'><em>simplicitate</em></span> <span class='ocrx_word' id='word_1_199' title='bbox 1079 2157 1363 2198; x_wconf 87' lang='lat' dir='ltr'><em>crediderunt.</em></span> <span class='ocrx_word' id='word_1_200' title='bbox 1432 2157 1548 2196; x_wconf 88' lang='lat' dir='ltr'><em>Dum</em></span> 
     </span>
     <span class='ocr_line' id='line_1_30' title="bbox 151 2223 1550 2281; baseline -0.004 -12"><span class='ocrx_word' id='word_1_201' title='bbox 151 2242 268 2281; x_wconf 78' lang='lat' dir='ltr'><em>reges</em></span> <span class='ocrx_word' id='word_1_202' title='bbox 293 2242 390 2268; x_wconf 90' lang='lat' dir='ltr'><em>suos</em></span> <span class='ocrx_word' id='word_1_203' title='bbox 415 2228 564 2268; x_wconf 85' lang='lat' dir='ltr'><em>colunt</em></span> <span class='ocrx_word' id='word_1_204' title='bbox 587 2226 792 2279; x_wconf 75' lang='lat' dir='ltr'><em>religiose,</em></span> <span class='ocrx_word' id='word_1_205' title='bbox 818 2227 918 2266; x_wconf 89' lang='lat' dir='ltr'><em>dum</em></span> <span class='ocrx_word' id='word_1_206' title='bbox 941 2225 1162 2266; x_wconf 88' lang='lat' dir='ltr'><em>defunctos</em></span> <span class='ocrx_word' id='word_1_207' title='bbox 1198 2238 1268 2265; x_wconf 90' lang='lat' dir='ltr'><em>eos</em></span> <span class='ocrx_word' id='word_1_208' title='bbox 1305 2223 1550 2264; x_wconf 88' lang='lat' dir='ltr'><em>desiderant</em></span> 
     </span>
     <span class='ocr_line' id='line_1_31' title="bbox 151 2291 1548 2349; baseline -0.004 -14"><span class='ocrx_word' id='word_1_209' title='bbox 151 2296 195 2335; x_wconf 91' lang='lat' dir='ltr'><em>in</em></span> <span class='ocrx_word' id='word_1_210' title='bbox 229 2295 485 2349; x_wconf 80' lang='lat' dir='ltr'><em>imaginibus</em></span> <span class='ocrx_word' id='word_1_211' title='bbox 518 2294 672 2342; x_wconf 87' lang='lat' dir='ltr'><em>videre,</em></span> <span class='ocrx_word' id='word_1_212' title='bbox 704 2294 805 2334; x_wconf 90' lang='lat' dir='ltr'><em>dum</em></span> <span class='ocrx_word' id='word_1_213' title='bbox 840 2293 1032 2346; x_wconf 79' lang='lat' dir='ltr'><em>gestiunt</em></span> <span class='ocrx_word' id='word_1_214' title='bbox 1068 2306 1210 2333; x_wconf 88' lang='lat' dir='ltr'><em>eorum</em></span> <span class='ocrx_word' id='word_1_215' title='bbox 1247 2292 1468 2332; x_wconf 86' lang='lat' dir='ltr'><em>memorias</em></span> <span class='ocrx_word' id='word_1_216' title='bbox 1504 2291 1548 2331; x_wconf 90' lang='lat' dir='ltr'><em>in</em></span> 
     </span>
     <span class='ocr_line' id='line_1_32' title="bbox 151 2359 1549 2413; baseline -0.004 -11"><span class='ocrx_word' id='word_1_217' title='bbox 151 2362 305 2402; x_wconf 81' lang='lat' dir='ltr'><em>statuis</em></span> <span class='ocrx_word' id='word_1_218' title='bbox 342 2362 544 2410; x_wconf 88' lang='lat' dir='ltr'><em>detinere,</em></span> <span class='ocrx_word' id='word_1_219' title='bbox 569 2375 685 2401; x_wconf 87' lang='lat' dir='ltr'><em>sacra</em></span> <span class='ocrx_word' id='word_1_220' title='bbox 720 2361 835 2401; x_wconf 85' lang='lat' dir='ltr'><em>facta</em></span> <span class='ocrx_word' id='word_1_221' title='bbox 869 2365 971 2400; x_wconf 89' lang='lat' dir='ltr'><em>sunt</em></span> <span class='ocrx_word' id='word_1_222' title='bbox 1004 2373 1111 2413; x_wconf 90' lang='lat' dir='ltr'><em>quae</em></span> <span class='ocrx_word' id='word_1_223' title='bbox 1136 2359 1306 2399; x_wconf 82' lang='lat' dir='ltr'><em>fuerant</em></span> <span class='ocrx_word' id='word_1_224' title='bbox 1332 2363 1549 2411; x_wconf 87' lang='lat' dir='ltr'><em>assumpta</em></span> 
     </span>
     <span class='ocr_line' id='line_1_33' title="bbox 150 2425 1550 2482; baseline -0.003 -13"><span class='ocrx_word' id='word_1_225' title='bbox 150 2429 315 2470; x_wconf 86' lang='lat' dir='ltr'><em>solacia.</em></span> <span class='ocrx_word' id='word_1_226' title='bbox 387 2429 597 2482; x_wconf 86' lang='lat' dir='ltr'><em>Denique,</em></span> <span class='ocrx_word' id='word_1_227' title='bbox 622 2432 665 2468; x_wconf 91' lang='lat' dir='ltr'><em>et</em></span> <span class='ocrx_word' id='word_1_228' title='bbox 689 2432 921 2480; x_wconf 84' lang='lat' dir='ltr'><em>antequam</em></span> <span class='ocrx_word' id='word_1_229' title='bbox 947 2426 1209 2467; x_wconf 87' lang='lat' dir='ltr'><em>commerciis</em></span> <span class='ocrx_word' id='word_1_230' title='bbox 1242 2425 1353 2466; x_wconf 88' lang='lat' dir='ltr'><em>orbis</em></span> <span class='ocrx_word' id='word_1_231' title='bbox 1382 2430 1550 2479; x_wconf 88' lang='lat' dir='ltr'><em>pateret</em></span> 
     </span>
    </p>
   </div>
  </div>
 </body>
</html>
