1704 2704
183 87 242 128 94
730 84 1030 126 OCTAVIUS

118 209 136 238 3
179 195 461 250 posteriorum
503 194 743 234 recordaris.
834 193 948 233 Nam
997 199 1039 233 et
1076 191 1160 246 ipsi
1207 191 1333 232 deum
1377 196 1580 240 nostrum,

178 263 360 303 —idem
385 263 499 303 enim
526 262 717 302 omnium
747 261 850 301 deus
878 258 1230 313 est,—quamdiu
1256 264 1382 307 caste,
1406 259 1581 299 innoxie

179 330 457 385 religioseque
516 329 750 376 coluerunt,
793 327 998 382 quamdiu
1051 326 1290 380 praeceptis
1338 325 1581 366 salubribus

179 398 594 451 obtemperaverunt,
620 396 671 436 de
696 396 844 450 paucis
876 394 1093 434 innumeri
1129 394 1243 443 facti,
1269 393 1320 434 de
1357 393 1581 446 egentibus

179 465 346 515 divites,
388 464 439 505 de
484 463 769 505 servientibus
812 476 954 515 reges:
1008 461 1164 502 modici
1210 461 1382 509 multos,
1428 460 1581 501 inermi

180 538 375 580 armatos,
400 532 503 572 dum
528 531 700 584 fugiunt
723 531 1010 583 insequentes,
1035 528 1103 569 dei
1135 528 1253 568 iussu
1286 533 1330 569 et
1359 527 1581 569 elementis

118 612 136 640 4
180 599 475 641 adnitentibus
512 599 754 639 obruerunt.
828 597 995 650 Scripta
1043 609 1189 637 eorum
1231 595 1380 648 relege,
1422 595 1502 644 vel,
1545 595 1581 636 si

182 667 384 708 Romanis
432 666 567 719 magis
620 665 788 719 gaudes,
832 669 880 704 ut
922 669 1189 705 transeamus
1236 667 1410 711 veteres,
1459 663 1582 702 Flavi

181 735 355 788 Iosephi
395 733 463 774 vel
506 733 671 773 Antoni
720 732 879 772 Iuliani
927 732 978 772 de
1027 731 1196 771 Iudaeis
1244 730 1437 783 require:
1496 729 1580 770 iam

181 803 298 850 scies,
347 801 539 854 nequitia
587 814 663 841 sua
710 800 820 840 hanc
868 812 937 840 eos
984 799 1188 839 meruisse
1231 798 1456 845 fortunam,
1504 811 1582 838 nec

181 870 418 924 quidquam
455 868 657 909 accidisse
691 867 803 921 quod
845 880 931 907 non
968 866 1024 906 sit
1060 866 1137 915 his,
1168 865 1203 906 si
1234 865 1280 904 in
1313 864 1583 906 contumacia

121 948 138 978 5
182 941 510 990 perseverarent,
537 941 636 976 ante
662 934 938 988 praedictum.
1011 933 1081 974 Ita
1105 933 1224 987 prius
1250 946 1318 973 eos
1344 932 1581 973 deseruisse

181 1003 513 1058 comprehendes
538 1016 665 1056 quam
691 1016 780 1043 esse
807 1002 994 1042 desertos
1019 1014 1107 1049 nec,
1133 1006 1182 1041 ut
1218 999 1349 1053 impie
1385 999 1582 1053 loqueris,

181 1085 277 1112 cum
303 1071 380 1112 deo
405 1085 479 1111 suo
516 1076 673 1124 captos,
698 1069 770 1110 scd
807 1082 830 1109 a
866 1068 943 1109 deo
978 1074 1027 1109 ut
1053 1067 1303 1121 disciplinae
1340 1067 1582 1120 transfugas

180 1139 356 1180 deditos.

634 1269 907 1310 CHAPTER
946 1268 1144 1308 XXXIV

180 1364 222 1431 ἓξ
253 1371 341 1411 1-5.
383 1370 464 1409 The
492 1369 708 1409 Christian
733 1368 857 1420 belief
872 1368 920 1407 in
945 1367 1007 1407 tho
1032 1367 1280 1407 destruction
1304 1367 1353 1419 of
1371 1365 1436 1405 the
1454 1366 1582 1405 world

315 1438 363 1491 by
376 1437 460 1490 fi're
486 1437 574 1489 (see
603 1437 623 1476 1
638 1437 673 1476 1.
706 1436 783 1487 12)
810 1436 846 1475 is
870 1434 1043 1488 nothing!
1068 1448 1162 1474 now.
1238 1434 1319 1473 The
1343 1433 1472 1474 Stoics
1496 1433 1583 1473 and

316 1505 574 1559 Epicuream
609 1503 705 1542 hold
746 1503 836 1542 that
872 1503 981 1542 view.
1053 1501 1186 1549 Plato,
1223 1506 1295 1549 too,
1331 1500 1447 1541 holds
1493 1500 1583 1540 that

318 1572 417 1620 God,
442 1572 528 1612 who
553 1571 673 1611 mado
698 1571 744 1618 it,
768 1584 843 1610 can
869 1570 1026 1622 desto-oy
1050 1570 1093 1609 it.

122 1685 137 1714 1
268 1670 466 1712 Ceterum
497 1669 548 1710 de
581 1668 778 1710 incendio
807 1667 970 1716 mundi,
1002 1672 1078 1708 aut
1113 1667 1394 1721 improvisum
1441 1666 1582 1721 ignem

181 1739 331 1779 cadere
372 1743 446 1778 aut
487 1750 671 1777 umorem
711 1736 872 1788 deficere
914 1735 1031 1775 haud
1073 1733 1256 1782 difficile,
1292 1747 1377 1774 non
1415 1733 1584 1774 credere

121 1820 140 1849 2
183 1806 370 1860 vulgaris
417 1804 568 1846 erroris
611 1809 684 1845 est.
769 1803 875 1852 Quis
924 1802 1038 1843 enim
1097 1801 1357 1855 sapientium
1400 1800 1583 1849 dubitat,

183 1873 278 1926 quis
313 1873 494 1927 ignorat,
519 1871 662 1913 omnia
698 1884 805 1925 quae
843 1876 933 1910 orta
964 1874 1078 1918 sunt,
1106 1869 1306 1917 occidere,
1332 1881 1440 1922 quae
1470 1868 1582 1908 facta

182 1946 296 1989 sunt,
331 1940 517 1987 interire,
543 1938 707 1979 caelum
743 1951 912 1992 quoque
949 1951 1045 1977 cum
1087 1936 1285 1977 omnibus
1322 1949 1429 1989 quae
1465 1934 1581 1975 caelo

160 1999 469 2054 continentur,
495 2007 557 2047 ita
581 2011 631 2046 ut
660 2005 858 2059 coepisse,
882 2005 919 2044 st
951 2004 1191 2045 desinerent
1226 2002 1408 2043 fontium
1445 2002 1582 2042 dulcis

182 2089 291 2128 aqua
327 2089 372 2115 ac
408 2074 542 2114 maria
577 2073 749 2120 nutrire,
775 2073 819 2112 in
857 2072 944 2111 vim
980 2071 1090 2125 ignis
1129 2070 1379 2111 abiturum?
1429 2069 1583 2110 Stoicis

182 2148 383 2183 constans
409 2141 552 2195 opinio
585 2145 659 2188 est,
691 2140 804 2193 quod
833 2144 1085 2192 consumpto
1119 2151 1265 2178 umore
1297 2136 1483 2177 mundus
1513 2136 1582 2176 hic

122 2222 139 2251 3
182 2210 318 2250 onmis
343 2209 542 2263 ignescat.
600 2207 657 2248 Et
683 2207 904 2260 Epicureis
929 2206 980 2246 de
1009 2205 1319 2246 elementorum
1351 2204 1580 2257 conflagra-

122 2290 140 2318 4
182 2277 298 2317 tione
324 2282 366 2317 et
389 2275 541 2316 mundi
557 2275 680 2314 ruina
705 2274 852 2315 eadem
868 2274 960 2327 ipsa
979 2273 1193 2313 sententia
1209 2277 1284 2313 est.
1338 2271 1583 2324 Eloquenter

183 2343 304 2383 Plato
346 2348 489 2397 partes
533 2342 644 2382 orbis
683 2355 797 2382 nunc
838 2340 1047 2380 inundare
1088 2339 1202 2388 dicit,
1244 2352 1358 2379 nunc
1405 2337 1582 2378 alternis

182 2410 345 2450 vicibus
370 2410 598 2458 ardescere,
624 2415 667 2450 et
697 2422 793 2449 cum
828 2408 969 2461 ipsum
1006 2407 1215 2447 mundum
1250 2410 1506 2460 perpetuum
1541 2409 1584 2445 et
