1704 2704
158 95 217 136 88
703 91 1003 134 OCTAVIUS

94 216 113 247 3
154 208 382 245 terrenum.
451 203 519 244 Ne
554 203 626 243 ille
663 203 928 252 miserabilis,
953 203 1073 243 euius
1103 202 1147 242 in
1184 201 1356 242 homine
1380 201 1552 242 mortali

155 285 251 325 spes
287 271 426 312 omnis
461 270 689 311 innititur:
736 275 877 311 totum
913 270 1028 311 enim
1064 269 1156 310 eius
1197 268 1407 309 auxilium
1453 282 1551 309 eum

95 352 114 381 4
156 339 370 380 exstineto
406 338 577 379 homine
611 338 769 378 finitur.
841 337 1048 392 Aegyptii
1080 350 1181 378 sane
1217 336 1434 377 hominem
1470 336 1551 376 sibi

156 420 283 460 quem
319 405 462 446 colant
498 405 686 458 eligunt:
729 405 854 445 illum
889 418 1022 444 unum
1060 404 1305 458 propitiant,
1342 403 1465 443 illum
1501 403 1551 444 de

156 473 353 514 omnibus
396 473 638 521 consulunt,
671 472 736 512 illi
776 472 973 513 victimas
1011 471 1205 512 caedunt.
1275 471 1340 511 At
1378 470 1454 519 illi,
1479 470 1552 524 qui

155 541 305 582 ceteris
342 540 458 589 deus,
482 540 563 580 sibi
600 544 713 580 certe
749 539 874 580 homo
910 545 986 588 est,
1010 538 1118 579 velit
1153 538 1286 579 nolit:
1326 551 1404 578 1166
1440 539 1553 578 enim

95 621 114 651 5
157 608 461 649 conscientiam
479 621 601 648 suam
625 607 798 661 decipit,
818 607 854 647 si
880 607 992 647 fallit
1017 606 1212 647 alienam.
1271 605 1413 646 Etiam
1438 605 1552 659 prin-

156 676 322 730 oipibus
348 680 391 716 et
414 675 593 728 regibus,
614 688 700 714 non
719 679 769 715 ut
793 675 957 728 magnis
982 678 1024 714 et
1049 673 1194 714 electis
1220 673 1337 723 viris,
1357 673 1467 713 siout
1491 672 1552 712 fas

157 750 234 792 est,
259 742 332 783 sed
366 746 416 783 ut
441 742 530 783 (leis
564 742 748 796 turpiter
772 741 961 782 adulatio
986 740 1092 781 falsa
1128 740 1360 788 blanditur,
1390 753 1487 780 eum
1511 746 1553 780 et

157 810 371 864 praeclaro
397 810 486 850 viro
510 809 644 850 honor
668 809 808 850 verius
833 814 878 850 et
902 809 1064 863 optimo
1090 821 1208 848 amor
1232 807 1400 848 dulcius
1436 820 1551 860 prae-

158 878 321 918 beatur.
393 877 461 917 Sio
497 890 643 917 eorum
679 890 839 917 numen
870 881 1037 923 vocant,
1061 875 1115 916 ad
1151 875 1357 929 imagines
1393 873 1553 928 suppli-

156 950 268 994 cant,
309 944 495 998 genium,
533 944 577 984 id
619 948 684 984 est
722 943 984 992 daemonem,
1022 943 1266 996 implorant,
1305 947 1348 983 et
1391 947 1455 983 est
1495 941 1552 983 eis

156 1013 293 1053 tutius
318 1025 393 1066 per
418 1011 534 1052 Iovis
557 1011 730 1066 genium
756 1011 943 1065 peierare
968 1025 1097 1064 quam
1122 1010 1242 1065 regis.

155 1169 197 1236 ἓξ
226 1177 316 1217 6-8.
358 1175 595 1216 Clio-&stiam
622 1189 692 1215 are
720 1179 789 1215 not
824 1175 1226 1229 cross-worslm'ppers.
1297 1175 1482 1215 Romans
1518 1176 1565 1229 of

289 1244 355 1283 the
379 1243 446 1283 old
472 1243 714 1296 persuasion
742 1256 812 1282 are
837 1256 946 1282 more
970 1242 1091 1283 liable
1117 1247 1154 1282 to
1179 1243 1244 1282 the
1268 1243 1421 1294 chame.

96 1362 113 1390 6
242 1343 398 1385 Cruces
431 1343 563 1384 etiam
595 1356 673 1384 nec
710 1342 888 1384 colimus
924 1356 1002 1383 1166
1028 1347 1236 1396 optamus.
1306 1343 1394 1384 Vos
1420 1343 1557 1396 plane,

157 1411 230 1465 qui
268 1411 431 1465 ligneos
470 1410 569 1451 deos
609 1411 876 1459 consecratis,
913 1424 1057 1452 eruces
1094 1409 1257 1464 ligneas
1296 1414 1346 1451 ut
1381 1410 1558 1452 deorum

97 1495 114 1527 7
157 1483 397 1519 vestrorum
422 1483 563 1531 partes
588 1478 768 1518 forsitan
794 1477 988 1519 adoratis.
1049 1477 1161 1518 Nam
1187 1482 1229 1518 et
1253 1478 1373 1531 signa
1397 1478 1490 1532 ipsa
1515 1483 1559 1519 et

158 1546 362 1587 cantabra
387 1549 430 1586 et
449 1545 608 1586 vexilla
631 1550 866 1586 castrorum
892 1545 994 1598 quid
1028 1545 1145 1585 aliud
1178 1559 1306 1598 quam
1336 1545 1558 1587 inauratae

159 1627 304 1654 eruces
339 1618 442 1654 sunt
478 1617 521 1653 et
558 1614 765 1653 ornatae?
835 1612 1022 1666 Tropaea
1059 1617 1201 1653 vestra
1237 1612 1431 1653 victricia
1471 1627 1557 1654 non

159 1685 331 1721 tantum
367 1679 573 1734 simplicis
611 1679 748 1720 crucis
780 1679 943 1729 faciem,
968 1693 1117 1720 verum
1142 1685 1185 1721 et
1210 1680 1340 1720 adfixi
1373 1680 1557 1721 hominis

100 1764 118 1793 8
159 1748 396 1788 imitantur.
468 1747 648 1801 Signum
684 1760 785 1788 sane
821 1747 960 1788 erucis
997 1747 1254 1788 naturaliter
1294 1747 1474 1788 visimus
1512 1748 1557 1788 in

160 1815 272 1864 navi,
318 1828 416 1855 oum
474 1815 581 1855 velis
634 1814 900 1855 tumentibus
959 1814 1140 1863 vehitur,
1201 1828 1297 1855 cum
1356 1815 1557 1868 expansis

160 1882 362 1936 palmulis
387 1882 576 1922 labitur:
613 1886 656 1922 et
691 1894 790 1922 oum
826 1881 1002 1935 erigitur
1038 1882 1198 1935 iugum,
1223 1882 1362 1923 erucis
1387 1882 1557 1936 signum

162 1955 238 1999 est,
275 1955 317 1990 et
351 1963 449 1990 oum
487 1949 613 1991 homo
643 1949 847 2002 porrectis
880 1949 1078 1989 manibus
1111 1949 1238 1989 deum
1274 1962 1381 2002 pura
1416 1955 1559 1991 mente

162 2021 401 2058 veneratur.
461 2016 530 2056 Ita
565 2016 684 2069 signo
718 2016 854 2057 crucis
887 2020 963 2057 aut
987 2016 1095 2057 ratio
1121 2016 1334 2057 naturalis
1358 2017 1560 2057 innititur

164 2089 238 2124 aut
261 2088 403 2125 vestra
432 2083 578 2137 religio
609 2083 825 2124 formatur.
