1704 2704
131 401 149 431 6

129 2448 147 2478 3

198 105 254 150 78
742 105 1041 159 OCTAVIUS

222 216 264 284 ἓξ
292 218 384 266 6-7.
427 224 508 264 The
534 224 871 277 representatione
895 224 944 276 of
961 224 1063 263 these
1082 224 1180 275 gods
1204 224 1253 264 in
1277 224 1405 265 works
1429 226 1478 279 of
1496 229 1564 265 art

562 305 632 331 are
656 291 884 331 ridiculous
908 295 1227 343 extravayavzces.

277 390 389 440 Quid
410 393 422 431 2
460 390 618 431 formae
643 390 759 444 ipsae
785 396 827 431 et
851 390 1024 430 habitus
1045 403 1185 430 nonne
1204 395 1390 444 arguunt
1409 391 1593 432 ludibria

191 463 234 498 et
259 458 460 498 dedecora
485 457 660 498 deorum
687 459 956 498 vestrorum?
1029 457 1251 498 Vulcanus
1284 458 1462 499 claudus
1488 458 1592 499 deus

191 530 234 566 et
275 525 440 573 debilis,
472 525 628 579 Apollo
664 529 729 565 tot
764 525 976 566 aetatibus
1013 525 1131 573 levis,
1164 525 1449 578 Aesculapius
1485 526 1592 567 bene

193 592 396 633 barbatus
457 592 536 633 etsi
605 605 771 646 semper
840 592 1127 633 adulescentis
1190 592 1407 646 Apollinis
1466 593 1592 642 filius,

193 659 423 713 Neptunus
459 659 621 713 glaucis
658 660 804 708 oculis,
830 659 1028 700 Minerva
1065 660 1225 708 caesiis,
1262 660 1433 701 bubulis
1470 661 1592 709 Iuno,

192 727 372 780 pedibus
406 727 647 767 Mercurius
681 727 831 776 alatus,
857 728 946 767 Pan
972 727 1202 780 ungulatis,
1232 727 1443 768 Saturnus
1480 741 1591 768 com-

192 795 359 848 peditis.
431 794 562 834 lanus
589 807 685 834 vero
711 794 871 835 frontes
897 794 1001 835 duas
1025 795 1167 848 gestit,
1192 795 1314 848 quasi
1343 800 1385 836 et
1419 809 1591 836 aversus

192 862 385 912 incedat3
422 862 563 902 Diana
598 861 772 902 interim
811 866 876 903 est
914 862 1001 902 alte
1039 863 1257 902 succincta
1297 863 1508 912 venatrix,
1547 867 1591 904 et

193 929 377 982 Ephesia
410 929 606 969 mammis
640 929 790 970 multis
820 934 863 970 et
893 929 1088 970 uberibus
1121 934 1350 977 exstructa,
1379 934 1424 970 et
1448 930 1592 970 Trivia

193 997 319 1037 trinis
353 996 565 1050 capitibus
591 1000 633 1036 et
659 997 806 1037 multis
836 996 1034 1037 manibus
1066 996 1273 1037 horrifica.
1348 997 1461 1046 Quid
1499 998 1590 1051 ipse

194 1064 392 1118 Iuppiter
417 1064 588 1105 vester?
626 1064 751 1104 modo
777 1064 978 1105 imberbis
1003 1064 1222 1113 statuitur,
1243 1064 1367 1105 modo
1387 1065 1590 1105 barbatus

189 1131 380 1181 locatur3
416 1136 458 1171 et
482 1144 580 1172 cum
616 1131 834 1172 Hammon
863 1131 1032 1179 dicitur,
1058 1131 1187 1172 habet
1219 1145 1387 1181 cornua,
1417 1137 1461 1173 et
1493 1146 1590 1172 cum

192 1199 475 1252 Capitolinus,
518 1203 622 1239 tunc
659 1198 770 1253 gerit
798 1198 992 1248 fulmina,
1018 1203 1061 1239 et
1090 1213 1187 1239 cum
1220 1199 1415 1248 Latiaris,
1441 1213 1590 1240 cruore

191 1266 477 1319 perfunditur,
503 1271 545 1306 et
570 1279 667 1306 cum
691 1266 922 1315 Feretrius,
946 1267 1032 1307 nisi
1057 1281 1149 1306 eum
1167 1267 1309 1320 spoliis
1328 1281 1413 1307 non
1432 1267 1587 1307 aditur.

190 1333 258 1381 Et,
278 1347 331 1374 ne
356 1333 524 1388 longius
550 1333 709 1374 multos
731 1334 854 1374 Ioves
875 1334 1035 1382 obeam,
1056 1338 1121 1374 tot
1142 1339 1243 1374 sunt
1264 1334 1379 1374 Iovis
1400 1339 1590 1374 monstra

190 1406 291 1454 quot
316 1401 499 1441 nomina.
571 1401 754 1456 Erigone
788 1415 994 1455 suspensa
1018 1401 1070 1442 de
1106 1401 1257 1454 laqueo
1284 1408 1359 1450 est,
1384 1407 1432 1442 ut
1458 1401 1588 1456 Virgo

190 1469 304 1509 inter
345 1474 460 1509 astra
498 1468 633 1522 ignita
675 1469 742 1509 sit.
814 1468 1008 1509 Castores
1044 1468 1222 1509 alternis
1258 1469 1499 1509 moriuntur
1541 1475 1590 1510 ut

188 1536 350 1584 vivant,
398 1535 682 1589 Aesculapius
741 1540 791 1576 ut
848 1535 894 1575 in
953 1536 1080 1576 deum
1128 1542 1275 1590 surgat
1322 1536 1589 1586 fulminatur,

189 1603 398 1644 Hercules
423 1609 472 1643 ut
496 1603 712 1643 hominem
732 1608 862 1644 exuat
880 1603 1079 1643 Aetnaeis
1096 1603 1266 1658 ignibus
1286 1608 1589 1645 concrematur.

656 1784 930 1825 CHAPTER
966 1784 1122 1824 XXIV

225 1873 267 1939 ἓξ
298 1876 386 1920 1-7.
430 1879 511 1918 lee
529 1878 719 1931 passione
743 1877 830 1917 ancl
852 1877 1145 1929 shorteominffl
1169 1878 1218 1930 os
1236 1878 1338 1917 these
1357 1878 1456 1930 yods
1479 1892 1549 1918 are

369 1945 597 2000 portrayed
621 1946 668 1985 in
692 1945 919 1993 literature,
944 1945 992 1985 in
1008 1949 1154 1998 poetrgy
1178 1944 1399 1997 especially.

272 2038 364 2079 Has
389 2037 556 2078 fabulas
581 2042 625 2078 et
650 2050 812 2077 errores
837 2041 880 2077 et
905 2037 957 2077 ab
983 2036 1194 2090 imperitis
1227 2036 1475 2090 parentibus
1501 2036 1587 2077 dis-

188 2107 335 2154 cimus,
372 2110 426 2153 et,
463 2104 575 2158 quod
609 2108 673 2145 est
708 2103 890 2158 gravius,
927 2103 1032 2157 ipsis
1070 2103 1224 2144 studiis
1267 2107 1310 2144 et
1348 2103 1588 2157 disciplinis

188 2174 466 2221 elaboramus,
482 2171 740 2212 carminibus
761 2170 986 2225 praecipue
1005 2176 1241 2224 poetarum,
1260 2170 1334 2224 qui
1354 2170 1588 2223 plurimum

189 2247 397 2294 quantum
441 2239 613 2280 veritati
661 2238 742 2292 ipsi
789 2252 865 2278 sua
911 2238 1167 2279 auctoritate
1208 2243 1458 2278 nocuerunt.
1529 2237 1587 2278 Et

191 2308 313 2349 Plato
338 2307 432 2348 ideo
457 2305 673 2360 praeclare
699 2305 936 2345 Homerum
961 2305 1087 2345 illuni
1122 2305 1334 2358 inclytum
1364 2305 1585 2345 laudatum

189 2381 230 2415 et
266 2378 515 2415 coronatum
551 2373 602 2413 de
637 2372 822 2421 civitate,
847 2386 974 2426 quam
1010 2372 1056 2412 in
1091 2386 1284 2413 sermone
1319 2372 1586 2420 instituebat,

188 2442 323 2483 eiecit.
395 2441 481 2481 Hic
517 2439 631 2480 enim
667 2440 920 2493 praecipuus
960 2439 1070 2480 bello
1106 2439 1251 2480 Troico
1287 2439 1386 2480 deos
1411 2443 1586 2487 vestros,
