1704 2704
629 116 927 157 OCTAVIUS
1412 113 1470 154 85

84 227 293 284 quidquid
352 227 607 268 daemonum
654 225 806 274 colitis,
852 225 958 265 victi
1016 223 1160 264 dolore
1208 223 1322 276 quod
1375 228 1475 263 sunt

84 295 355 350 eloquuntur,
392 307 470 335 nec
511 293 660 346 utique
701 292 745 332 in
786 290 1099 345 turpitudinem
1141 290 1218 339 sui,
1256 290 1475 330 nonnullis

85 362 334 417 praesertim
382 366 572 402 vestrum
631 359 942 407 assistentibus,
991 358 1273 399 mentiuntur.
1362 356 1474 410 Ipsis

86 430 279 478 testibus,
316 442 408 469 esse
444 441 514 469 eos
550 427 788 475 daemonas,
825 426 877 466 de
912 439 955 466 se
981 438 1129 465 verum
1171 424 1476 464 confitentibus

86 497 270 538 credite:
305 495 490 536 adiurati
527 494 640 534 enim
665 507 740 547 per
765 493 891 534 deum
912 506 1062 533 verum
1088 496 1131 532 et
1161 491 1311 540 solum,
1336 490 1476 539 inviti,

86 563 231 604 miseri
272 562 515 616 corporibus
554 561 853 601 inhorrescunt
894 565 938 601 et
978 559 1047 600 vel
1094 558 1280 599 exiliunt
1328 558 1478 598 statim

87 630 156 671 vel
193 634 455 671 evanescunt
492 628 715 681 gradatim,
754 631 881 681 prout
918 626 1022 667 fides
1059 626 1267 680 patientis
1303 625 1479 665 adiuvat

87 702 161 738 aut
190 697 325 750 gratia
357 696 546 737 curantis
582 696 752 749 aspirat.
824 695 892 735 Sic
920 694 1183 735 Christianos
1209 693 1260 733 de
1284 692 1480 746 proximo

87 765 286 818 fugitant,
324 777 429 817 quos
471 763 594 817 longe
635 762 680 802 in
728 762 920 802 coetibus
966 775 1040 815 per
1081 774 1155 801 vos
1203 760 1480 801 lacessebant.

89 831 191 872 Ideo
223 831 375 872 inserti
411 830 627 870 mentibus
663 829 959 883 imperitorum
995 828 1139 868 odium
1172 827 1307 867 nostri
1334 832 1480 867 serunt

89 899 253 940 occulte
288 911 364 951 per
398 898 623 937 timorem:
660 896 855 937 naturale
889 901 954 936 est
983 895 1098 936 enim
1123 900 1166 935 et
1190 895 1328 935 odisse
1353 907 1481 947 quem

89 966 254 1014 timeas,
278 971 320 1005 et
345 978 472 1018 quem
502 964 705 1004 metueris
741 963 955 1011 infestare,
980 963 1015 1003 si
1048 963 1195 1015 possis.
1266 961 1334 1002 Sic
1360 975 1479 1002 occu-

89 1038 195 1087 pant
219 1033 382 1073 animos
408 1037 450 1072 et
482 1031 710 1071 obstruunt
745 1036 929 1084 pectora,
954 1034 1003 1070 ut
1038 1033 1138 1070 ante
1171 1042 1247 1069 nos
1272 1029 1483 1082 incipiant

87 1100 281 1140 homines
328 1099 465 1140 odisse
513 1112 641 1151 quam
688 1111 823 1146 nosse,
872 1111 924 1138 ne
965 1096 1157 1151 cognitos
1205 1101 1280 1137 aut
1320 1095 1483 1136 imitari

90 1167 254 1220 possint
280 1170 353 1206 aut
378 1166 580 1206 damnare
604 1178 690 1206 non
715 1165 890 1218 possint.

538 1360 809 1403 CHAPTER
846 1361 1050 1401 XXVIII

93 1455 134 1522 ἓξ
164 1462 254 1503 1-5.
294 1462 483 1502 Octavius
506 1461 695 1514 confessas
720 1461 810 1501 that
836 1461 893 1509 he,
919 1465 990 1508 too,
1019 1466 1062 1500 at
1082 1474 1153 1501 one
1179 1461 1287 1508 time,
1312 1461 1487 1513 through

226 1529 288 1569 the
323 1529 527 1581 deception
563 1528 610 1581 of
647 1528 810 1568 demon-3
845 1528 1014 1568 believed
1057 1528 1120 1567 the
1150 1529 1291 1568 stories
1324 1532 1488 1568 current

227 1596 347 1636 about
391 1596 637 1636 Christiana
708 1596 774 1635 He
820 1595 971 1635 revectls
1012 1595 1076 1635 the
1117 1596 1294 1635 attitude
1340 1596 1389 1649 of
1426 1596 1489 1635 the

218 1663 365 1718 judyes
389 1663 566 1703 towards
590 1663 654 1703 the
679 1662 801 1702 latter
824 1663 872 1702 in
897 1663 1002 1702 their
1026 1663 1159 1703 trial&

182 1761 320 1811 Quam
355 1766 501 1802 autem
537 1761 734 1814 iniquum
771 1761 838 1810 sit,
870 1761 1100 1815 incognitis
1136 1767 1179 1801 et
1212 1761 1490 1815 inexploratis

97 1829 296 1878 iudicare,
333 1829 447 1882 quod
482 1828 633 1876 facitis,
666 1828 787 1869 nobis
825 1828 928 1881 ipsis
962 1829 1282 1881 paenitentibus
1319 1829 1490 1870 credite.

99 1896 156 1937 Et
187 1910 264 1937 nos
294 1897 408 1937 enim
445 1895 557 1936 idem
594 1895 755 1936 fuimus
791 1904 833 1935 et
858 1895 1005 1935 eadem
1029 1895 1250 1936 vobiscum
1275 1896 1491 1948 quondam

98 1963 236 2004 adhuc
282 1963 395 2004 caeci
442 1967 485 2003 et
531 1962 706 2003 hebetes
748 1962 1047 2011 sentiebamus,
1084 1963 1207 2016 quasi
1256 1962 1492 2004 Christiani

99 2037 288 2071 monstra
335 2030 536 2078 colerent,
584 2030 771 2070 infantes
820 2034 1030 2078 vorarent,
1080 2030 1276 2070 convivia
1330 2031 1494 2072 incesta

100 2097 342 2146 miscerent,
360 2111 437 2138 nec
462 2096 816 2150 intellegebamus
842 2096 894 2136 ab
919 2096 984 2137 his
1011 2097 1174 2137 fabulas
1201 2098 1303 2138 istas
1328 2112 1494 2151 semper

101 2164 301 2205 ventilari
342 2168 386 2205 et
427 2177 648 2217 nunquam
688 2163 756 2204 vel
794 2164 1043 2218 investigari
1081 2164 1150 2205 vel
1198 2165 1378 2218 probari,
1416 2179 1494 2206 nec

102 2236 223 2272 tanto
248 2236 437 2285 tempore
463 2231 649 2284 aliquem
674 2231 856 2271 existere
881 2231 955 2284 qui
980 2231 1190 2284 proderet,
1215 2246 1299 2272 non
1325 2237 1494 2272 tantum

103 2298 204 2338 facti
229 2298 409 2347 veniam,
430 2312 579 2339 verum
604 2298 733 2338 etiam
758 2297 906 2338 indicii
930 2298 1112 2352 gratiam
1138 2305 1468 2340 consecuturum
1488 2316 1495 2340 :

105 2365 264 2406 malum
306 2370 447 2406 autem
490 2365 594 2405 adeo
636 2379 721 2405 non
764 2379 865 2413 esse,
902 2371 950 2405 ut
984 2365 1253 2406 Christianus
1286 2381 1381 2407 rcus
1421 2381 1496 2407 nec

105 2432 372 2473 erubesceret
397 2446 475 2473 nec
499 2432 683 2480 timeret,
708 2436 751 2472 et
787 2446 921 2472 unuln
958 2433 1234 2482 solummodo,
1260 2434 1372 2487 quod
1409 2448 1494 2474 non

1534 1910 1553 1938 ΝΛ
