1704 2704
638 115 937 158 OCTAVIUS
1425 117 1482 158 89

566 294 838 335 CHAPTER
886 294 1018 334 XXX

91 397 133 437 A
158 397 272 450 ‘reply
296 401 333 436 to
359 397 422 436 the
446 397 589 448 chemy&
614 396 663 449 of
679 396 789 436 child
813 396 983 436 murder
1006 410 1051 435 as
1066 410 1123 435 cm
1141 396 1365 436 initiation
1387 410 1485 436 cere-

146 478 269 516 mony
292 464 353 516 (9.
383 464 438 515 6).
508 463 584 503 An
607 463 851 503 indictment
875 464 923 516 of
935 464 1159 516 payam'sm
1173 464 1250 517 for
1268 465 1449 507 murder.

176 563 307 604 Illum
336 563 421 603 iam
445 563 575 604 velim
612 563 849 612 convenire,
874 563 949 616 qui
973 563 1136 604 initiari
1172 578 1247 604 nos
1273 565 1376 605 dicit
1413 569 1488 605 aut

91 631 224 672 credit
249 631 300 672 de
325 631 451 671 caede
484 631 660 670 infantis
696 634 739 670 et
773 631 991 683 sanguine.
1063 631 1194 671 Putas
1230 645 1352 685 posse
1388 632 1490 680 fieri,

91 703 140 738 ut
187 702 275 738 tam
322 697 460 745 molle,
502 702 590 738 tam
632 697 861 751 parvulum
918 711 1068 750 corpus
1117 699 1205 738 fata
1260 699 1488 740 vulnerum

91 765 266 819 capiat?
300 770 349 805 ut
379 765 605 818 quisquam
633 764 757 804 illum
790 764 938 805 rudem
974 765 1223 818 sanguinem
1262 766 1422 806 novelli
1446 771 1489 806 et

91 832 270 872 vixdum
306 832 491 872 hominis
527 832 687 880 caedat,
721 831 886 881 fundat,
911 832 1168 873 exhauriat?
1236 833 1374 874 Nemo
1410 833 1488 874 hoc

91 904 234 953 potest
270 899 436 940 credere
473 899 556 939 nisi
592 899 667 952 qui
702 899 836 952 possit
868 899 1027 940 audere.
1098 899 1186 940 Vos
1220 901 1332 941 enim
1365 900 1489 941 video

90 972 330 1020 procreatos
378 966 486 1007 filios
534 979 647 1006 nunc
688 966 788 1006 feris
835 971 878 1006 et
916 966 1065 1007 avibus
1113 980 1334 1020 exponere,
1375 981 1491 1008 nunc

92 1033 404 1088 astrangulatos
429 1033 583 1074 misero
612 1033 761 1073 mortis
785 1047 937 1086 genere
962 1033 1141 1085 elidere3
1164 1040 1266 1075 sunt
1300 1049 1408 1088 quae
1444 1035 1489 1075 in

90 1100 195 1154 ipsis
242 1101 488 1149 visceribus,
524 1100 876 1141 medicaminibus
919 1101 1065 1154 epotis,
1101 1101 1307 1155 originem
1354 1103 1491 1144 futuri

92 1168 276 1209 hominis
323 1167 600 1221 exstinguant
645 1172 688 1208 et
730 1167 1006 1220 parricidium
1054 1169 1213 1209 faciant
1260 1175 1489 1223 antequam

92 1236 272 1290 pariant.
344 1235 401 1276 Et
425 1235 528 1275 haec
553 1235 703 1288 utique
728 1235 779 1275 de
804 1234 978 1275 deorum
1003 1239 1240 1276 vestrorum
1264 1236 1491 1290 disciplina

93 1303 368 1344 descendunt.
438 1302 550 1342 Nam
577 1302 786 1342 Saturnus
812 1302 921 1342 filios
951 1316 1048 1343 suos
1073 1316 1157 1343 non
1183 1304 1392 1357 exposuit,
1417 1304 1490 1345 sed

93 1371 273 1411 voravit.
378 1369 538 1410 Merito
590 1369 629 1410 ei
685 1369 731 1408 in
789 1369 1008 1409 nonnullis
1065 1370 1238 1411 Africae
1297 1371 1490 1425 partibus

93 1451 117 1477 a
145 1437 394 1491 parentibus
427 1436 614 1477 infantes
643 1436 987 1485 immolabantur,
1012 1436 1232 1478 blanditiis
1269 1443 1312 1479 et
1348 1438 1490 1479 osculo

95 1505 401 1558 comprimente
443 1504 645 1557 vagitum,
693 1517 746 1544 ne
787 1503 940 1544 flebilis
994 1504 1133 1545 hostia
1185 1505 1491 1546 immolaretur.

94 1572 242 1612 Tauris
283 1572 411 1613 etiam
460 1570 650 1611 Ponticis
693 1576 735 1612 et
775 1570 990 1624 Aegyptio
1034 1571 1222 1612 Busiridi
1263 1573 1371 1614 ritus
1408 1573 1492 1613 fuit

94 1639 281 1692 hospites
318 1638 550 1687 immolare,
582 1642 625 1678 et
656 1638 868 1678 Mercurio
906 1638 1052 1679 Gallos
1087 1639 1295 1681 humanas
1328 1640 1395 1681 vel
1428 1640 1491 1680 in-

94 1706 302 1746 humanas
327 1706 522 1747 victimas
552 1704 736 1753 caedere,
761 1705 943 1745 Romani
972 1706 1182 1746 Graecum
1208 1712 1250 1747 et
1276 1706 1493 1757 Graecam,

96 1773 269 1814 Gallum
293 1778 336 1814 et
360 1772 529 1814 Gallam
555 1772 748 1812 sacrificii
773 1772 967 1813 viventes
993 1773 1181 1822 obruere,
1207 1774 1415 1827 hodieque
1441 1775 1492 1815 ab

95 1840 199 1894 ipsis
225 1840 405 1881 Latiaris
436 1839 632 1893 Iuppiter
664 1839 892 1879 homicidio
918 1840 1084 1889 colitur,
1109 1845 1151 1881 et
1176 1841 1288 1894 quod
1320 1842 1493 1882 Saturni

95 1907 183 1948 filio
202 1907 379 1961 dignum
399 1912 474 1956 est,
493 1906 595 1947 mali
620 1910 662 1947 et
681 1907 798 1947 noxii
822 1906 1006 1947 hominis
1031 1908 1236 1961 sanguine
1262 1909 1490 1962 saginatur.
1540 1919 1553 1926 ”

97 1974 245 2028 Ipsum
260 1974 385 2015 credo
401 1974 591 2015 docuisse
608 1973 825 2028 sanguinis
843 1974 1007 2014 foedere
1023 1975 1495 2025 coniurareCatilinam,

96 2046 140 2082 et
159 2041 381 2083 Bellonam
399 2055 567 2082 sacrum
586 2054 711 2081 suum
730 2041 887 2081 haustu
913 2041 1089 2082 humani
1115 2043 1272 2083 cruoris
1293 2043 1496 2093 imbuere,

99 2114 140 2149 et
174 2109 430 2150 comitialem
466 2108 661 2149 morbum
698 2108 883 2148 hominis
920 2110 1137 2163 sanguine,
1170 2110 1212 2149 id
1249 2115 1314 2151 est
1350 2111 1494 2151 morbo

98 2177 288 2229 graviore
313 2190 470 2216 sanare.
542 2175 641 2215 Non
678 2175 905 2215 dissimiles
941 2180 984 2216 et
1020 2177 1093 2229 qui
1118 2177 1169 2217 de
1194 2177 1352 2218 harena
1386 2179 1495 2219 seras

98 2243 302 2284 devorant
326 2243 459 2284 illitas
484 2247 527 2283 et
551 2242 729 2282 infectas
755 2256 899 2283 cruore
926 2243 992 2283 vel
1019 2244 1218 2284 membris
1244 2244 1427 2286 hominis
1453 2252 1496 2286 et

97 2311 256 2352 viscere
281 2311 504 2364 saginatas,
575 2309 709 2349 Nobis
746 2309 1022 2350 honn'cidium
1048 2325 1125 2351 nec
1160 2311 1305 2352 videre
1330 2313 1393 2352 fas
1418 2326 1496 2353 nec

98 2377 255 2425 audire,
285 2382 539 2430 tantumque
567 2376 618 2416 ab
648 2376 834 2416 humano
864 2377 1068 2429 sanguine
1105 2391 1315 2427 cavemus,
1340 2386 1388 2420 ut
1419 2394 1497 2420 nec

99 2444 287 2484 edulium
313 2458 510 2498 pecorum
536 2443 579 2483 in
605 2443 711 2483 cibis
737 2444 986 2497 sanguinem
1012 2445 1266 2487 noverimus.
