1704 2704
182 124 205 163 6
216 125 239 163 2
727 122 1028 163 OCTAVIUS

178 247 254 287 pro
283 233 584 274 disserentium
622 233 782 273 viribus
819 239 861 273 et
898 233 1165 286 eloquentiae
1201 238 1412 287 potestate
1449 233 1577 274 etiam

176 301 425 354 perspicuae
478 300 670 341 veritatis
729 300 922 341 condicio
981 304 1186 341 mutetur.
1280 300 1332 340 Id
1390 300 1578 341 accidere

176 373 404 421 pernotum
446 373 510 409 est
548 367 792 408 auditorum
830 367 1048 414 facilitate,
1085 368 1171 421 qui,
1207 367 1308 407 dum
1350 367 1577 408 verborum

176 435 386 477 lenocinio
427 449 451 475 a
493 448 634 475 reruni
660 435 973 476 intentionibus
1009 440 1253 483 avocantur,
1289 435 1380 475 sine
1418 434 1575 476 dilectu

176 503 471 544 assentiuntur
495 502 621 543 dictis
654 502 853 543 omnibus
878 516 956 543 nec
985 517 1009 542 a
1034 502 1161 543 rectis
1197 501 1303 542 falsa
1339 509 1576 551 secernunt,

176 570 414 611 nescientes
438 570 576 610 inesse
602 575 644 610 et
668 570 715 609 in
740 569 983 610 incredibili
1019 583 1167 610 verum
1194 574 1236 610 et
1271 570 1315 608 in
1351 569 1578 610 verisimili

117 647 130 654 ”
176 637 456 678 mendacium.
552 637 715 690 Itaque,
790 650 874 690 quo
950 637 1118 690 saepius
1191 636 1578 678 asseverationibus

176 704 367 753 credunt,
415 719 463 745 eo
517 704 785 757 frequentius
827 718 851 744 a
898 704 1169 758 peritioribus
1211 710 1476 759 arguuntur3
1516 705 1577 745 sic

176 772 343 813 assidue
373 772 613 813 temeritate
642 771 809 825 decepti
842 772 1014 825 culpam
1038 771 1192 812 iudicis
1226 771 1493 812 transferunt
1524 772 1576 812 ad

173 839 329 880 incerti
361 839 590 893 querelam,
615 844 674 887 ut,
699 839 913 880 damnatis
951 839 1159 889 omnibus,
1186 839 1341 879 malint
1379 839 1578 880 universa

174 906 432 960 suspendere
475 920 602 960 quam
653 906 704 947 de
742 906 966 947 fallacibus
1008 906 1206 947 iudicare.
1279 906 1416 959 Igitur
1454 907 1576 947 nobis

174 974 486 1028 providendum
515 979 590 1021 est,
615 987 668 1014 ne
704 973 800 1014 odio
836 974 1068 1015 identidem
1106 987 1348 1014 sermonum
1385 974 1575 1014 onmium

173 1041 414 1082 laboremus
449 1042 522 1090 ita,
564 1046 612 1081 ut
647 1041 691 1081 in
728 1041 1059 1082 exsecrationem
1096 1046 1139 1081 et
1172 1041 1316 1081 odium
1353 1041 1575 1082 hominum

172 1109 365 1162 plerique
399 1108 676 1163 simpliciores
724 1109 965 1150 efferantur.
1036 1109 1148 1148 Nam
1196 1109 1367 1149 incaute
1414 1108 1576 1149 creduli

172 1176 568 1217 circumveniuntur
615 1176 668 1216 ab
709 1176 775 1216 his
823 1190 927 1230 quos
971 1176 1102 1216 bonos
1144 1180 1429 1229 putaverunt:
1478 1190 1575 1216 mox

171 1257 309 1284 errore
356 1243 581 1291 consimili,
628 1244 713 1283 iam
759 1244 968 1296 suspectis
1016 1243 1224 1291 omnibus,
1260 1251 1309 1283 ut
1361 1243 1576 1297 improbos

172 1316 372 1352 metuunt
402 1312 530 1352 etiam
572 1324 677 1363 quos
726 1311 908 1364 optimos
956 1311 1115 1352 sentire
1171 1315 1411 1364 pot-uerunt.
1484 1311 1574 1351 Nos

171 1378 347 1432 proinde
372 1378 555 1427 solliciti,
575 1378 687 1431 quod
709 1378 925 1432 utrimque
950 1378 1067 1418 omni
1087 1377 1255 1431 negotio
1276 1378 1506 1418 disseratur
1531 1384 1575 1419 et

170 1459 221 1486 ex
259 1445 392 1486 altera
427 1451 547 1500 parte
584 1445 834 1499 plerumque
870 1446 1049 1486 obscura
1078 1445 1135 1486 sit
1171 1445 1341 1493 veritas,
1366 1459 1417 1486 ex
1443 1445 1575 1486 altero

169 1513 303 1554 latere
329 1514 435 1554 mira
460 1513 687 1562 subtilitas,
713 1527 821 1566 quae
847 1526 1170 1566 nonnumquam
1190 1513 1384 1553 ubertate
1405 1513 1574 1554 dicendi

170 1580 298 1621 fidem
327 1581 542 1621 confessae
571 1580 835 1634 probationis
871 1580 1074 1629 imitetur,
1100 1580 1328 1633 diligenter
1363 1585 1573 1633 quantum

169 1652 312 1702 potest
348 1648 516 1702 singula
545 1647 841 1701 ponderemus,
869 1653 916 1688 ut
953 1648 1141 1702 argutias
1178 1647 1350 1701 quidem
1387 1647 1573 1697 laudare,

170 1729 218 1756 ea
276 1729 375 1756 vero
434 1729 542 1769 quae
590 1721 704 1756 recta
750 1720 861 1763 sunt,
911 1714 1075 1769 eligere,
1121 1715 1312 1768 probare,
1361 1714 1572 1768 suscipere

170 1782 416 1835 possimus.''

674 1950 945 1991 CHAPTER.
993 1950 1076 1990 XV

170 2065 373 2106 Caecilius
414 2070 592 2119 protests.
677 2065 892 2105 sslinucius
939 2066 1123 2118 eiplmfvzs
1165 2066 1253 2105 that
1300 2066 1347 2105 he
1387 2065 1461 2105 has
1508 2065 1570 2104 the

298 2134 475 2184 [senuine
499 2133 642 2172 meo-its
666 2133 715 2186 of
733 2133 796 2171 the
821 2137 1072 2185 controversy
1096 2137 1138 2172 at
1163 2133 1288 2172 beart.

254 2250 505 2298 “l)ecedis‚''
542 2250 684 2303 inquit
715 2250 937 2298 Caecilius,
963 2250 1136 2291 “officio
1171 2251 1323 2291 iudicis
1360 2251 1570 2305 religiosi:

169 2331 267 2358 nam
298 2318 581 2370 periniurium
618 2321 682 2358 est
718 2318 828 2357 vires
864 2324 905 2358 te
941 2318 1121 2358 actionis
1155 2331 1271 2358 meae
1308 2319 1567 2372 intergressu

167 2384 440 2437 gravissimae
510 2384 815 2437 disputationis
888 2385 1128 2439 infringere,
1193 2399 1290 2425 cum
1361 2385 1566 2425 Octavius

167 2452 333 2503 integra
371 2460 414 2492 et
454 2451 616 2492 illibata
662 2452 814 2492 habeat
858 2452 1036 2505 singula,
1079 2453 1113 2491 si
1155 2457 1308 2505 potest,
1347 2452 1565 2493 refutare.’'
