1704 2704
149 2352 166 2384 κ1

206 80 229 120 8
240 80 263 119 2
753 78 1055 121 OCTAVIUS

674 294 945 336 CHAPTER
992 294 1147 334 XXVI

270 397 312 464 §g
342 405 431 444 1-6.
508 404 589 445 The
614 405 758 444 claims
782 405 901 444 made
916 404 992 457 sor
1017 405 1222 456 auquries,
1247 405 1428 457 auspices
1452 404 1538 443 and

203 472 350 512 orcades
368 486 438 511 are
457 473 506 525 of
518 486 569 512 no
589 472 713 512 avail.
779 472 904 512 Their
918 471 1095 525 fatilitgs
1114 473 1150 511 is
1163 485 1317 524 proven
1341 471 1390 524 by
1410 471 1603 524 tlzefacts.

287 581 379 621 Iam
414 581 527 622 enim
553 581 677 621 venio
706 580 760 621 ad
795 580 870 620 illa
894 580 1083 634 auspicia
1115 586 1157 620 et
1190 580 1366 633 auguria
1402 579 1604 628 Romana,

202 662 310 703 quae
346 662 512 689 summo
553 648 697 689 labore
734 647 912 689 collecta
952 652 1134 688 testatus
1171 661 1214 688 es
1251 652 1294 688 et
1335 647 1606 701 paenitenter

202 716 357 757 omissa
376 721 418 757 et
442 716 663 756 observata
683 715 874 757 feliciter.
914 714 1088 755 Clodius
1114 715 1276 755 scilicet
1301 720 1343 755 et
1369 714 1605 754 Flaminius

202 788 245 824 et
294 783 445 824 Iunius
493 783 586 824 ideo
634 783 843 824 exercitus
890 782 1179 835 perdiderunt,
1229 781 1341 835 quod
1388 781 1603 835 pullorum

203 850 460 892 solistimum
513 850 752 904 tripudium
804 850 1140 904 exspectandum
1192 863 1278 890 non
1332 855 1601 902 putaverunt.

205 918 316 967 Quid
354 918 575 972 Regulus?
634 918 788 958 Nonne
822 917 997 972 auguria
1030 918 1220 958 servavit
1256 921 1297 957 et
1333 922 1484 969 eaptus
1509 919 1605 957 est?

204 985 433 1026 Mancinus
458 985 708 1038 religionem
743 985 895 1034 tenuit,
920 990 963 1025 et
988 985 1066 1025 sub
1102 985 1249 1038 iugum
1282 984 1437 1025 missus
1461 988 1527 1024 est
1563 988 1606 1024 et

203 1053 382 1094 deditus.
454 1053 600 1093 Pullos
634 1052 782 1094 edaces
818 1052 968 1093 habuit
1003 1058 1046 1093 et
1082 1052 1253 1101 Paulus,
1285 1051 1398 1105 apud
1436 1051 1604 1092 Cannas

203 1128 347 1161 tamen
404 1134 502 1160 cum
550 1120 708 1161 maiore
764 1119 1006 1174 republicae
1062 1125 1182 1173 parte
1237 1123 1476 1172 prostratus
1529 1123 1629 1168 est„

203 1187 337 1229 Gaius
391 1187 554 1237 Caesar,
603 1202 656 1228 ne
702 1192 803 1228 ante
856 1182 1051 1227 brumam
1098 1187 1141 1227 in
1196 1187 1387 1227 Africam
1434 1186 1605 1241 navigia

202 1255 514 1296 transmitteret
551 1255 740 1310 auguriis
777 1259 820 1296 et
852 1254 1052 1308 auspiciis
1087 1254 1386 1301 renitentibus,
1421 1254 1606 1308 sprevit:

202 1336 250 1363 eo
275 1323 442 1363 facilius
468 1328 510 1363 et
534 1322 754 1377 navigavit
779 1326 822 1362 et
846 1322 961 1362 vicit.

288 1390 405 1440 Quae
448 1404 548 1431 vero
585 1394 627 1430 et
669 1394 830 1444 quanta
874 1389 924 1430 de
960 1388 1140 1431 oraculis
1182 1389 1443 1442 prosequar?
1505 1388 1607 1428 Post

203 1463 383 1498 mortem
432 1457 720 1511 Amphiaraus
762 1462 944 1498 ventura
991 1456 1221 1510 respondit,
1264 1456 1338 1509 qui
1385 1454 1605 1509 proditum

202 1526 254 1565 iri
302 1539 345 1566 se
393 1525 445 1566 ob
494 1525 650 1566 monile
697 1525 750 1565 ab
795 1538 927 1565 uxore
975 1524 1166 1564 nescivit.
1229 1523 1409 1564 Tiresias
1457 1536 1606 1564 caecus

203 1594 350 1633 futura
381 1592 566 1641 videbat,
592 1593 666 1646 qui
702 1591 944 1645 praesentia
980 1605 1065 1632 non
1100 1591 1283 1632 videbat.
1338 1590 1405 1631 De
1441 1589 1606 1643 Pyrrho

204 1660 370 1700 Ennius
422 1659 638 1713 Apollinis
689 1659 822 1712 Pythi
868 1673 1069 1713 responsa
1116 1658 1335 1705 confinxit,
1377 1671 1473 1698 cum
1520 1658 1605 1697 iam

206 1727 361 1782 Apollo
397 1741 545 1768 versus
583 1727 717 1767 facere
754 1726 956 1767 desisset:
992 1726 1112 1766 cuius
1148 1730 1252 1765 tunc
1288 1730 1462 1765 cautum
1497 1724 1606 1764 illud

206 1800 249 1835 et
273 1795 519 1848 ambiguum
545 1794 700 1835 defecit
723 1793 955 1841 oraculum,
981 1807 1079 1834 cum
1103 1798 1146 1833 et
1170 1792 1387 1846 politiores
1413 1791 1607 1832 homines

206 1868 249 1903 et
300 1862 448 1902 minus
497 1861 657 1902 creduli
704 1875 794 1902 esse
847 1865 1086 1914 coeperunt.
1170 1860 1226 1900 Et
1283 1859 1607 1910 Demosthenes,

207 1929 321 1983 quod
373 1929 499 1970 sciret
551 1942 752 1983 responsa
804 1928 1017 1977 simulata,
1070 1927 1351 1984 φιλιππίζειν
1403 1926 1605 1980 Pythiam

208 1996 473 2050 querebatur.

272 2161 313 2228 ἐξ
342 2166 467 2210 7-12.
536 2168 715 2208 Demons
738 2182 783 2208 ογ
806 2168 970 2220 impure
994 2167 1138 2220 spirits
1162 2181 1231 2206 are
1257 2167 1320 2207 the
1343 2180 1477 2206 source
1501 2166 1550 2220 of

698 2235 757 2275 all
781 2235 859 2275 evil
883 2236 969 2275 007ch
993 2248 1114 2275 error.

291 2342 353 2382 At
394 2355 703 2395 nonnumquan
746 2346 891 2381 tamen
931 2341 1157 2381 veritatem
1199 2339 1267 2380 vel
1309 2339 1498 2393 auspicia
1539 2338 1608 2379 vel

209 2409 378 2450 oracula
425 2409 669 2463 tetigerunt.
727 2407 997 2461 Quamquam
1044 2408 1158 2448 inter
1205 2406 1342 2447 multa
1388 2405 1609 2447 mendacia
