1704 2704
650 122 949 163 OCTAVIUS
1442 123 1465 162 6
1479 123 1497 160 1

102 230 279 271 summis
315 229 636 283 quaestionibus
673 233 769 269 tuta
805 228 1030 276 dubitatio,
1058 242 1140 281 quo
1176 242 1326 281 genere
1364 229 1502 281 philo-

104 297 275 350 sophari
299 301 342 336 et
370 302 493 337 caute
518 295 665 336 indoct
689 296 883 348 ipossunt
909 300 952 336 et
977 295 1091 336 docti
1115 295 1304 349 gloriose.
1378 295 1502 344 Quid,

105 363 334 405 Simonidis
360 363 503 404 melici
529 376 669 403 nonne
699 362 949 402 admiranda
986 362 1184 403 omnibus
1220 367 1262 402 et
1299 362 1502 403 sectanda

104 430 351 471 cunctatio?
421 430 505 479 Qui
542 429 792 477 Simonides,
828 443 925 470 cum
963 429 1014 469 de
1051 443 1113 478 eo,
1137 429 1240 483 quid
1277 436 1320 470 et
1357 429 1503 482 quales

104 498 381 538 arbitraretur
406 497 517 545 deos,
543 497 594 537 ab
619 497 809 538 Hierone
844 501 1027 550 tyranno
1053 501 1339 550 quaereretur,
1365 497 1503 550 primo

104 564 400 606 deliberationi
449 564 560 605 diem
603 564 738 617 petiit,
782 564 987 616 postridie
1030 564 1207 604 biduum
1250 564 1503 618 prorogavit,

104 646 201 672 mox
250 631 435 672 alterum
483 636 654 671 tantum
701 631 944 671 admonitus
986 631 1195 671 adiunxit.
1284 631 1504 672 Postremo

105 713 203 740 cum
234 712 382 739 causas
417 704 562 739 tantae
587 712 728 738 morae
763 704 974 752 tyrannus
1010 699 1256 752 inquireret,
1281 698 1502 752 respondit

103 766 176 806 ille
212 766 324 819 quod
360 765 452 814 sibi,
489 771 649 818 quanto
686 765 908 819 inquisitio
945 765 1105 805 tardior
1140 771 1345 820 pergeret,
1383 770 1504 806 tanto

104 833 262 874 veritas
288 833 406 873 fieret
431 833 656 873 obscurior.
730 832 829 873 Mea
850 846 1016 886 quoque
1037 833 1248 886 opinione,
1274 847 1380 886 quae
1402 837 1504 873 sunt

106 900 246 948 dubia,
271 904 319 940 ut
351 905 464 948 sunt,
490 899 769 953 relinquenda
806 905 919 948 sunt,
945 914 1022 941 nec
1059 904 1124 940 tot
1160 913 1208 941 ac
1245 900 1376 940 tantis
1401 900 1504 940 viris

105 967 450 1014 deliberantibus,
494 972 653 1007 temere
695 972 737 1006 ct
775 967 994 1007 audaciter
1035 967 1079 1006 in
1123 967 1302 1007 alteram
1338 971 1504 1021 partem

106 1034 279 1075 ferenda
303 1034 517 1075 sententia
541 1039 616 1083 est,
643 1048 695 1074 ne
732 1040 806 1074 aut
835 1034 960 1074 anilis
997 1034 1228 1076 inducatur
1259 1034 1505 1088 superstitio

106 1106 180 1142 aut
205 1100 342 1141 omnis
367 1101 512 1155 religio
538 1101 820 1142 destruatur.''

591 1306 865 1346 CHAPTER
912 1306 1021 1346 XIV

110 1406 310 1445 Caecilius
337 1405 564 1458 waltingyly
588 1406 793 1445 concludas»
828 1406 893 1445 Itis
928 1412 1142 1458 (sufflammat
1168 1407 1269 1446 willo
1305 1421 1327 1445 a
1356 1407 1507 1447 caustro

242 1474 435 1525 reference
483 1477 520 1512 to
570 1473 768 1514 Octavius.
841 1473 1067 1520 Minuciam,
1114 1488 1160 1513 as
1205 1474 1368 1521 arbiter,
1416 1488 1505 1513 con-

236 1539 463 1591 qratuhztes
486 1540 574 1579 lm'm
600 1554 652 1579 οη
675 1541 742 1580 lois
765 1541 977 1593 eloq‘ucmc,
1003 1541 1071 1580 buz}
1100 1541 1281 1580 remonis
1304 1541 1393 1580 him.
1419 1541 1507 1580 that

240 1607 451 1660 eloquenoe,
493 1608 541 1659 by
588 1608 799 1659 ohscn‘rz'ftzfs
846 1608 910 1647 tlte
947 1608 1076 1655 truste,
1101 1608 1174 1647 has
1211 1610 1318 1661 ossen
1354 1609 1508 1661 proved

232 1674 353 1725 fatal
378 1678 415 1714 to
441 1678 700 1727 controversy.

193 1773 263 1813 Sic
321 1772 530 1814 Caecilius
578 1778 621 1814 et
663 1773 860 1814 renidens
907 1775 1024 1826 (nani
1068 1774 1375 1827 indignationis
1417 1775 1507 1815 eius

110 1844 318 1881 tumorem
345 1840 501 1881 effusae
526 1841 730 1881 orationis
756 1841 940 1894 impetus
966 1841 1273 1893 relaxaverat):
1312 1846 1331 1860 “
1347 1842 1508 1895 Ecquid

110 1906 163 1947 ad
188 1907 325 1955 haec,”
350 1907 420 1955 ait,
451 1911 471 1926 “
491 1907 621 1948 audet
642 1908 858 1955 Octavius,
878 1908 1004 1948 homo
1030 1908 1254 1950 Plautinae
1275 1909 1508 1962 prosapiae,

110 1978 158 2014 ut
172 1974 468 2028 pisciculorum
484 1975 749 2029 praecipuus,
767 1975 828 2015 ita
844 1980 1081 2028 post-remus
1101 1975 1455 2030 philosophorum
1466 1977 1506 2017 .2”

111 2040 310 2089 “Parce,''
334 2042 521 2095 inquam,
559 2046 579 2061 “
595 2042 638 2081 in
673 2056 766 2082 eum
802 2042 1028 2095 plaudere:
1066 2057 1203 2096 neque
1239 2044 1352 2084 enim
1390 2044 1506 2097 prius

111 2108 325 2149 exsultare
371 2113 413 2150 te
461 2109 636 2162 dignum
679 2114 744 2149 est
785 2110 1074 2150 concinnitate
1121 2111 1337 2159 sermonis,
1379 2124 1506 2164 quan]

110 2175 326 2229 utrimque
370 2175 538 2229 plenius
580 2176 709 2217 fuerit
751 2181 1005 2230 peroratum,
1046 2178 1230 2218 maxime
1278 2192 1374 2218 cum
1422 2192 1506 2218 non

112 2241 239 2291 laudi,
297 2242 369 2283 sed
431 2243 603 2284 veritati
666 2243 918 2297 disceptatio
979 2249 1121 2285 vestra
1183 2245 1356 2286 nitatur.
1452 2246 1507 2286 Et

112 2322 367 2363 quamquam
405 2323 605 2365 magnum
631 2310 676 2350 in
712 2311 884 2351 niodum
909 2325 976 2352 nie
1013 2312 1162 2352 subtili
1200 2313 1405 2353 varietate
1435 2317 1508 2353 tua

113 2375 335 2417 delectarit
370 2377 516 2425 oratio,
541 2381 684 2418 tamen
719 2378 849 2418 altius
876 2392 1056 2425 moveor,
1085 2393 1166 2419 non
1205 2380 1255 2419 dc
1293 2381 1506 2433 praesenti

113 2442 289 2491 actione,
313 2444 385 2483 sed
423 2444 474 2484 de
511 2448 598 2484 toto
634 2458 784 2497 genero
821 2445 1082 2499 disputandi,
1107 2447 1219 2499 quod
1257 2446 1507 2500 plerumque¹

1548 844 1564 875 ΕΠ

1550 2054 1569 2083 10
