1704 2704
230 639 339 708 M.
400 637 889 708 MINUCII
949 637 1406 710 FELICIS

531 781 1105 854 OCTAVIUS

648 999 919 1040 CHAPTER
968 1000 989 1039 Ι

115 1108 328 1148 Minucius
352 1108 400 1148 in
431 1122 458 1147 α
482 1109 743 1149 reminiscent
773 1109 890 1148 moocl
922 1108 1063 1148 reccclls
1094 1122 1223 1161 many
1246 1109 1450 1149 incideris
1473 1111 1523 1162 os'

249 1189 276 1214 α
299 1175 393 1215 close
403 1175 649 1228 friendsliip
663 1176 766 1216 with
786 1175 986 1224 Octavius,
1006 1176 1093 1215 ancl
1117 1176 1330 1229 especially
1348 1176 1413 1217 the
1431 1177 1515 1217 dis-

249 1243 408 1283 cussion
430 1242 565 1283 which
589 1243 652 1283 led
677 1247 713 1283 to
739 1243 802 1283 the
826 1243 1059 1284 conversim
1083 1243 1132 1296 of
1152 1243 1362 1284 Caecilius.

207 1351 423 1407 Cogitanti
465 1352 571 1392 mihi
608 1357 649 1392 et
691 1366 788 1392 cum
824 1352 965 1392 animo
1007 1366 1099 1393 1neo
1137 1352 1289 1393 Octavi
1331 1353 1431 1393 boni
1472 1359 1516 1394 et

115 1419 351 1460 fidelissimi
415 1419 733 1460 contubernalis
792 1419 1040 1459 memoriam
1098 1420 1346 1469 recensenti,
1394 1425 1515 1461 tanta

115 1486 295 1528 dulcedo
319 1491 363 1527 et
387 1486 554 1527 affectio
580 1486 764 1527 hominis
790 1486 988 1532 inhaesit,
1014 1492 1061 1527 ut
1086 1487 1176 1540 ipse
1202 1487 1513 1541 quodammodo

115 1553 222 1594 mihi
263 1553 429 1594 viderer
475 1554 519 1594 in
568 1554 798 1608 praeterita
846 1553 996 1602 redire,
1045 1568 1128 1594 non
1177 1568 1224 1595 ea
1273 1568 1380 1608 quae
1427 1555 1513 1595 iam

114 1626 328 1662 transacta
353 1626 397 1662 et
421 1621 597 1662 decursa
621 1626 723 1662 sunt
751 1621 1043 1662 recordatione
1075 1635 1295 1662 revocare:
1332 1622 1393 1663 ita,
1422 1623 1512 1663 eius

115 1687 428 1742 contemplatio,
448 1693 658 1742 quantum
677 1688 896 1729 subtracta
915 1694 978 1729 est
999 1688 1143 1737 oculis,
1164 1693 1334 1729 tantum
1353 1690 1514 1743 pectori

114 1769 206 1796 meo
253 1769 301 1796 ac
347 1769 481 1809 paene
527 1756 692 1796 intimis
739 1756 933 1796 sensibus
987 1756 1204 1809 implicatu
1255 1761 1327 1797 est.
1423 1757 1514 1798 Nec

114 1822 329 1863 immerito
354 1822 574 1864 discedens
599 1823 665 1863 vir
691 1823 872 1864 eximius
898 1828 941 1864 et
970 1829 1141 1864 sanctus
1166 1824 1422 1864 immensum
1448 1825 1514 1864 sui

115 1889 370 1931 desiderium
394 1890 515 1931 nobis
540 1889 726 1943 reliquit,
751 1894 900 1943 utpote
925 1904 1023 1930 cum
1048 1896 1091 1931 et
1116 1891 1205 1944 ipse
1231 1895 1352 1931 tanto
1377 1892 1513 1932 nostri

116 1970 283 2011 semper
313 1971 454 1998 amore
479 1957 734 2011 flagraverit,
760 1962 808 1997 ut
841 1962 884 1998 et
913 1957 957 1997 in
994 1957 1168 1999 ludicris
1199 1962 1242 1999 et
1270 1958 1392 1999 seriis
1420 1959 1512 2011 pari

115 2037 281 2065 mecum
329 2023 550 2066 voluntate
598 2024 851 2073 concineret,
899 2024 1045 2065 eadem
1094 2024 1203 2066 velle
1251 2025 1318 2065 vel
1372 2026 1512 2066 nolle:

116 2091 305 2133 crederes
342 2105 470 2132 unam
506 2096 693 2133 mentem
730 2092 774 2132 in
812 2091 975 2132 duobus
1012 2092 1141 2133 fuisse
1183 2092 1374 2135 divisam.
1445 2093 1514 2134 Sic

115 2158 229 2199 solus
262 2158 307 2198 in
336 2158 551 2199 amoribus
587 2159 790 2207 conscius,
815 2159 905 2212 ipse
935 2159 1072 2200 socius
1108 2159 1152 2199 in
1189 2160 1424 2200 erroribus:
1470 2165 1513 2201 et

116 2239 212 2265 cum
237 2225 427 2267 discussa
460 2225 640 2280 caligine
670 2226 721 2266 de
756 2226 1026 2267 tenebrarum
1061 2227 1271 2280 profundo
1304 2227 1348 2267 in
1373 2227 1511 2268 lucem

116 2292 349 2345 sapientiae
379 2297 422 2333 et
450 2293 644 2334 veritatis
680 2307 948 2347 emergerem,
980 2307 1065 2334 non
1103 2295 1265 2348 respuit
1301 2295 1512 2343 comitem,

116 2359 189 2400 sed
223 2360 336 2412 quod
373 2365 437 2400 est
471 2360 706 2414 gloriosius,
742 2361 1043 2414 praecucurrit.
1117 2361 1280 2414 Itaque,
1317 2376 1413 2402 cum
1437 2376 1512 2416 per

117 2426 360 2468 universam
385 2427 604 2468 convictus
630 2428 763 2469 nostri
798 2432 840 2468 ct
874 2428 1177 2469 familiaritatis
1210 2433 1392 2470 aetatem
1419 2443 1511 2470 mea

795 2505 833 2535 45

1558 1369 1573 1398 1

1554 2372 1572 2402 C!
