1704 2704
690 113 989 155 OCTAVIUS
1478 110 1535 150 69

145 221 362 262 vocabulis
398 235 502 275 opus
538 226 612 272 est,
649 235 746 262 cum
784 235 859 275 per
897 219 1086 274 singulos
1124 217 1308 272 propriis
1350 216 1537 270 appella-

145 289 311 329 tionum
351 289 589 343 insignibus
637 288 873 328 multitudo
914 285 1150 327 dirimenda
1192 289 1281 334 est;
1340 284 1417 324 deo
1465 284 1539 336 qui

144 356 259 397 solus
296 361 370 403 est,
408 356 476 397 dei
516 356 772 396 vocabulum
816 360 952 395 totum
992 357 1067 394 est.
1139 352 1275 402 Quem
1304 351 1340 391 si
1373 357 1538 404 patrem

144 423 300 471 dixero,
326 423 538 464 carnalem
563 423 772 476 opineris;
808 422 843 462 si
869 435 1021 474 regem,
1046 426 1263 461 terrenum
1289 417 1540 471 suspiceris5

145 490 181 531 si
210 490 442 539 dominum,
466 490 688 543 intelleges
724 489 873 542 utique
908 487 1142 528 mortalem.
1213 485 1349 526 Aufer
1374 484 1538 525 addita-

144 562 289 598 menta
313 557 536 598 nominum
562 562 605 598 et
630 557 858 611 perspicies
883 555 973 596 eius
999 554 1248 595 claritatem.

229 624 341 674 Quid
366 624 479 678 quod
504 624 694 665 omnium
715 623 767 664 de
791 623 875 664 isto
899 622 1033 663 habeo
1053 621 1336 662 consensum?
1397 618 1539 658 Audio
1561 622 1597 650 11

144 691 323 744 vulgus:
359 705 455 732 cum
479 691 532 731 ad
557 691 721 732 caelum
746 703 896 731 manus
922 689 1118 737 tendunt,
1134 687 1244 728 nihil
1269 686 1385 727 aliud
1412 699 1539 739 quam

144 758 271 799 deum
306 758 455 798 dicunt
480 764 522 799 et
545 762 566 777 “
587 758 689 799 deus
714 771 892 811 magnus
930 762 995 798 est
1010 756 1029 771 '’
1055 761 1098 797 et
1122 760 1142 774 “
1162 755 1265 796 deus
1291 767 1415 794 verus
1441 758 1504 794 est
1520 752 1539 767 ''

143 830 187 866 et
213 830 232 845 “
251 826 287 866 si
313 825 415 866 deus
439 824 640 866 dederit.”
709 825 841 878 Vulgi
876 825 956 865 iste
992 823 1199 864 naturalis
1236 835 1372 862 sermo
1397 825 1461 861 est
1486 834 1540 860 an

145 893 378 933 Christiani
407 893 648 934 confitentis
682 892 850 933 oratio?
918 891 975 931 Et
1011 891 1085 944 qui
1122 890 1267 930 Iovem
1304 888 1539 942 principem

144 959 306 1008 volunt,
353 959 564 1000 falluntur
615 960 659 999 in
713 960 896 1007 nomine,
944 958 1017 999 sed
1076 958 1126 998 de
1185 971 1270 997 una
1328 960 1540 1009 potestate

143 1027 427 1068 consentiunt.

634 1197 907 1239 CHAPTER
944 1197 1055 1237 XIX

144 1307 259 1347 Poets
293 1307 379 1346 and
410 1306 690 1360 philosophans
725 1306 820 1346 bear
855 1306 1073 1358 testimony
1105 1309 1143 1344 to
1179 1304 1242 1344 tlte
1279 1304 1468 1343 emistence
1503 1304 1552 1356 of

277 1387 348 1414 one
382 1387 566 1427 supreme
607 1374 838 1426 intelliyent
865 1386 1012 1426 power.
1088 1372 1214 1411 Their
1249 1372 1439 1424 opinions
1473 1384 1544 1410 are

271 1441 519 1494 practically
543 1441 607 1481 the
630 1454 741 1481 same
766 1454 812 1480 as
841 1441 930 1480 that
954 1441 1004 1492 os
1023 1439 1268 1479 Christimzs.

228 1549 370 1589 Audio
417 1554 564 1602 poetas
613 1563 780 1602 quoque
828 1562 962 1588 unum
1010 1552 1175 1601 patrem
1218 1546 1366 1586 divum
1414 1551 1542 1599 atque
1586 1558 1601 1587 1

143 1617 366 1657 hominum
403 1616 711 1670 praedicantes,
739 1621 782 1656 et
814 1615 942 1656 talem
968 1628 1058 1655 esse
1083 1613 1329 1654 mortalium
1355 1619 1541 1654 mentem

146 1684 315 1737 qualem
345 1697 499 1737 parens
523 1683 714 1724 omnium
740 1683 853 1723 diem
877 1683 1057 1723 duxerit.
1130 1681 1243 1731 Quid
1276 1681 1543 1721 Mantuanus
1586 1692 1605 1722 2

144 1751 303 1792 Maro?
372 1751 526 1791 Nonne
563 1751 764 1804 apertius,
797 1750 1045 1803 proximius,
1082 1749 1235 1797 verius,
1260 1747 1544 1802 “principio,⁷'

143 1818 214 1867 ait,
241 1818 445 1859 “caelum
471 1832 518 1858 ac
545 1822 677 1858 terras
711 1823 754 1858 et
783 1823 923 1858 cetera
956 1816 1105 1856 mundi
1141 1816 1330 1856 membra
1365 1815 1543 1869 spiritus

143 1885 260 1926 intus
290 1885 367 1926 alit
392 1890 435 1925 et
460 1885 602 1926 infusa
627 1899 746 1925 mens
773 1885 918 1937 agitat,
938 1884 1036 1924 inde
1062 1883 1283 1923 hominum
1309 1882 1541 1936 pecudum-

145 1966 226 2006 que
262 1966 395 2006 genus
434 1958 476 1993 et
509 1952 718 2006 quidquid
751 1951 868 1992 aliud
905 1951 1154 1991 animalium
1175 1950 1232 1990 ³³?
1304 1950 1424 1990 Idem
1459 1949 1543 1989 alio

143 2019 235 2061 loco
273 2024 461 2060 mentem
500 2020 626 2060 istam
665 2024 709 2060 et
746 2019 945 2072 spiritum
984 2018 1109 2059 deum
1150 2018 1354 2058 nominat.
1425 2017 1544 2057 Haec

144 2087 258 2127 enim
283 2087 410 2127 verba
434 2091 536 2127 sunt
556 2103 564 2126 ;

687 2149 798 2184 deum
819 2162 976 2196 namque
998 2150 1049 2183 ire
1071 2161 1135 2195 per
1154 2160 1279 2183 omnes

306 2210 492 2250 terrasque
513 2209 723 2250 tractusque
745 2205 855 2238 maris
875 2204 1089 2249 caelumque
1110 2202 1349 2249 profundum,

306 2258 403 2293 unde
424 2259 616 2292 hominum
634 2271 740 2303 glenus
759 2263 796 2293 et
817 2257 980 2304 pecudes,
1003 2256 1101 2291 unde
1122 2257 1239 2291 imber
1259 2263 1295 2291 et
1320 2257 1428 2301 ignes

147 2372 259 2421 Quid
285 2373 401 2413 aliud
427 2378 469 2413 et
488 2387 511 2413 a
531 2373 652 2413 nobis
678 2373 782 2413 (leus
801 2386 928 2425 quam
957 2386 1076 2412 meus
1103 2378 1145 2412 et
1166 2372 1274 2411 ratio
1300 2377 1341 2411 et
1367 2372 1542 2424 spiritus

146 2439 414 2492 praedicatur
432 2442 446 2480 2
