1704 2704
665 101 960 144 OCTAVIUS
1418 103 1438 141 1
1449 101 1472 141 Ο
1483 102 1507 142 3

554 312 825 353 CHAPTER
872 312 1072 352 XXXIX
1126 315 1128 317 ’

231 412 445 452 Minucius
468 412 505 452 is
528 412 731 465 deliylztecl
754 412 854 452 with
880 412 943 452 the
966 410 1100 464 speech
1124 411 1174 463 of
1194 410 1392 451 Octavius.

199 510 306 552 Cum
328 511 531 552 Octavius
556 515 803 565 perorasset,
822 510 1086 564 aliquamdiu
1112 523 1187 550 nos
1213 509 1265 549 ad
1290 508 1511 549 silentium

115 578 342 631 stupefacti
375 579 564 619 intentos
590 578 735 618 vultus
766 578 1027 625 tenebamus,
1053 582 1095 617 et
1122 576 1235 630 quod
1262 576 1315 616 ad
1345 589 1411 616 me
1437 580 1511 624 est,

114 645 412 700 magnitudine
449 645 742 686 admirationis
779 644 946 694 evanui,
975 644 1088 698 quod
1118 658 1176 692 ea,
1206 656 1314 697 quae
1343 642 1511 683 facilius

116 717 180 753 est
216 713 374 753 sentire
411 726 539 766 quam
581 712 733 761 dicere,
769 717 811 753 et
848 712 1108 766 argumentis
1144 716 1186 752 et
1228 710 1433 763 exemplis
1470 714 1512 750 et

115 779 348 820 lectionum
384 780 713 820 auctoritatibus
756 780 1011 827 adornasset,
1048 784 1091 819 et
1127 778 1239 832 quod
1281 777 1512 818 malevolos

114 847 250 887 isdem
296 847 383 887 illis
432 847 585 900 quibus
633 852 864 896 armantur,
911 846 1259 899 philosophorum
1306 845 1403 886 telis
1450 859 1512 885 re-

115 914 305 963 tudisset,
348 914 604 955 ostendisset
644 914 774 955 etiam
816 914 1042 955 veritatem
1084 927 1169 953 non
1217 912 1513 953 tantummodo

116 981 283 1022 facilem
309 981 381 1022 sed
407 986 450 1022 et
474 981 760 1023 favorabilem.

621 1214 892 1255 CHAPTER
939 1214 1018 1254 XL

260 1313 428 1354 Mutual
452 1314 813 1367 commaculatione
887 1312 1087 1354 Caecilius
1105 1313 1142 1353 is
1165 1313 1372 1353 converted

637 1385 674 1421 to
702 1381 992 1434 Christianity.

199 1481 317 1521 Dum
349 1481 479 1522 istaec
508 1481 640 1535 igitur
668 1482 781 1535 apud
817 1496 884 1523 me
920 1482 1075 1522 tacitus
1112 1480 1274 1529 evolvo,
1306 1479 1516 1521 Caecilius

116 1548 283 1602 erupit:
331 1549 458 1602 “Ego
495 1549 673 1589 Octavio
708 1563 801 1590 meo
837 1549 1071 1603 plurimum
1107 1554 1328 1601 quantum,
1364 1547 1436 1588 sed
1473 1552 1517 1588 et

117 1615 224 1655 mihi
252 1615 442 1669 gratulor
470 1630 547 1657 nec
577 1621 752 1669 expecto
781 1616 1049 1657 sententiam.
1087 1615 1281 1655 Vicimus
1311 1620 1354 1655 et
1377 1615 1516 1661 ita,—

117 1686 166 1723 ut
206 1682 396 1736 improbe
428 1697 586 1736 usurpo
619 1683 843 1724 victoriam
863 1686 1051 1724 1-—nam
1084 1688 1133 1723 ut
1165 1683 1237 1723 ille
1266 1682 1351 1723 mei
1381 1682 1516 1722 victor

119 1754 194 1798 est,
218 1750 278 1790 ita
303 1764 378 1804 ego
404 1750 690 1804 triumphator
714 1751 878 1792 erroris.

202 1817 366 1870 Itaque,
392 1818 504 1871 quod
530 1819 742 1872 pertineat
771 1818 824 1858 ad
849 1831 1059 1858 summam
1092 1816 1365 1870 quaestionis,
1390 1821 1434 1857 et
1464 1815 1515 1856 de

118 1884 385 1937 providentia
404 1885 538 1925 fateor
562 1890 605 1926 et
629 1886 675 1925 cle
700 1885 777 1926 deo
803 1885 904 1926 cedo
930 1890 972 1925 et
996 1885 1047 1925 de
1072 1889 1211 1925 sectae
1237 1884 1321 1924 iam
1347 1888 1516 1924 nostrae

119 1951 364 1993 sinceritate
406 1953 635 1993 consentio.
695 1952 837 1993 Etiam
879 1966 993 1992 nunc
1041 1958 1184 1992 tamen
1233 1951 1377 2004 aliqua
1418 1964 1516 1991 con—

120 2018 348 2059 subsidunt
372 2033 456 2059 non
482 2020 771 2072 obstrepentia
794 2019 979 2068 veritati,
1004 2019 1075 2059 sed
1105 2018 1315 2072 perfectae
1344 2018 1516 2058 institu—

120 2085 227 2126 tioni
252 2087 498 2135 necessaria,
524 2087 575 2127 de
601 2087 755 2140 quibus
786 2087 982 2134 crastinO,
1008 2086 1121 2139 quod
1151 2086 1233 2126 iam
1260 2085 1322 2126 sol
1352 2085 1519 2125 occasui

121 2152 297 2193 declivis
317 2160 392 2202 est,
409 2160 458 2194 ut
474 2153 524 2194 de
544 2159 633 2194 toto
654 2158 944 2207 congruentes,
961 2153 1199 2207 promptius
1218 2152 1519 2206 requiremus.''

206 2220 304 2260 “At
340 2220 449 2274 eg0,’'
475 2221 662 2274 inquam,
701 2221 948 2274 “prolixius
985 2220 1176 2261 omnium
1210 2227 1403 2260 nostrum
1428 2220 1521 2260 vice

122 2287 296 2340 gaudeo,
324 2288 436 2340 quod
473 2289 601 2328 etiam
638 2288 743 2328 mihi
781 2288 985 2328 Octavius
1015 2288 1179 2335 vicerit,
1204 2301 1300 2327 cum
1336 2287 1521 2327 maxima

123 2354 341 2394 iudicandi
377 2355 483 2394 mihi
519 2355 682 2395 invidia
718 2355 909 2396 detracta
934 2355 1001 2396 sit.
1055 2355 1145 2395 Nec
1177 2360 1318 2395 tamen
1350 2368 1523 2407 possum

125 2421 324 2461 meritum
350 2422 440 2462 eius
466 2423 692 2463 verborum
717 2422 916 2463 laudibus
944 2435 1192 2476 repensare:
1229 2421 1522 2462 testimonium
