1704 2704
206 87 227 127 1
240 88 260 127 1
273 89 297 128 2
749 87 1047 128 OCTAVIUS

195 193 373 238 quurtha
398 194 490 238 soret
521 193 625 237 (Sall.
659 195 687 227 I.
717 196 775 228 11.
811 195 874 238 3);
903 193 970 228 Ov.
1003 194 1043 227 F.
1075 196 1107 227 5.
1142 195 1201 228 67.
1259 193 1420 228 Ambitio
1444 194 1475 227 is
1503 197 1600 239 post.-

195 248 295 282 class.
321 248 375 281 for
394 248 548 282 ambitus
568 247 921 291 (“su1·r0unding’').
982 247 1130 291 Later-is,
1154 247 1223 293 obj.
1244 248 1356 293 genit.

266 301 457 343 obsequi:
489 302 626 336 Introd.
650 303 695 335 vi.
718 302 747 335 B
776 305 802 335 1.

265 356 411 398 quippe
432 366 544 391 cum:
575 356 616 389 cf.
638 360 754 400 utpote
774 367 853 389 cum
877 359 908 389 1.
934 358 967 390 3.

265 409 457 453 amicitia,
491 411 596 446 etQ:
635 410 797 443 amicitia
822 421 924 454 pares
961 413 1024 443 aut
1053 409 1180 454 accipit
1214 413 1276 442 aut
1297 409 1390 453 facit
1419 420 1491 443 was
1521 422 1601 456 pro-

198 464 347 498 verbial.
405 464 457 498 Cf.
479 463 592 498 Arist.
615 459 769 511 λέγεται
791 460 864 511 γὰρ
886 459 1051 509 φιλότης
1072 459 1094 509 ἡ
1118 459 1249 509 ἰσότης
1269 463 1362 508 (Eth.
1385 466 1417 497 8.
1441 465 1487 509 7).

747 597 987 633 CHAPTER
1015 597 1050 632 V

263 686 282 731 ξ
306 689 336 721 1.
367 695 607 728 quamquam
636 685 675 719 in
705 685 906 720 ante-class.
939 686 1014 722 Lat.
1038 685 1175 730 always
1204 685 1277 720 and
1302 686 1340 719 in
1367 685 1466 720 class.
1494 697 1599 731 prose

198 740 343 784 usually
374 740 475 774 takes
504 739 614 773 indic.
676 740 862 774 Minucius
896 739 1032 785 always
1065 745 1252 774 construes
1285 739 1377 773 with
1411 739 1519 785 subj.;
1552 739 1594 776 cf.

203 798 258 829 14.
281 797 332 839 33
364 796 422 828 26.
445 795 464 829 7
487 806 494 835 ;
525 797 583 828 35.
607 796 638 827 5.

265 848 315 884 de
335 857 435 890 quo:
465 859 510 882 se.
533 847 581 881 id.
639 846 777 882 Introd.
800 847 845 882 vi.
867 848 896 882 O
918 850 951 881 8.

265 912 354 938 cum
383 900 566 945 maxime,
595 901 702 946 “just
727 913 808 935 now
823 900 867 943 '⁷3
901 901 969 936 Gk.
999 898 1064 935 νῦν
1094 914 1136 949 ’γε
1164 898 1348 948 μάλιστα.
1405 901 1483 936 The
1513 901 1593 947 phr.

196 957 227 990 is
247 968 267 991 a
289 955 536 990 modification
557 955 596 988 of
622 967 715 989 nuuc
746 959 782 989 ut
811 967 892 990 cum
919 955 1070 990 maxime
1090 956 1182 1000 (Ter.
1213 956 1294 990 Hec.
1324 958 1354 991 1.
1381 959 1413 989 2.
1438 957 1512 1000 40),
1535 956 1598 991 the

196 1010 308 1044 fuller
329 1010 422 1043 form
443 1009 553 1054 being
573 1021 667 1043 num
685 1021 765 1043 cum
784 1010 935 1044 mazime
956 1009 1041 1054 (Cic.
1067 1010 1143 1044 Clu.
1167 1013 1197 1044 5.
1224 1013 1270 1044 12
1289 1023 1298 1052 ;
1330 1009 1392 1054 Off.
1414 1013 1445 1045 2.
1469 1013 1499 1045 7.
1521 1013 1568 1045 23
1588 1024 1596 1053 ;

199 1065 293 1109 Livy
317 1067 376 1098 29.
404 1064 461 1098 17.
489 1064 534 1107 7).

264 1119 408 1160 utpote
429 1127 543 1153 cum:
577 1120 607 1152 1.
633 1120 666 1153 3.

265 1172 441 1208 alterum
461 1170 730 1214 comprobaris
748 1181 755 1207 :
784 1171 935 1205 alterum
954 1172 1119 1217 wanting
1138 1172 1178 1205 in
1200 1172 1228 1206 P
1247 1186 1254 1214 ;
1283 1172 1321 1206 in
1341 1184 1368 1205 r.

264 1225 644 1269 impraesentiarum
657 1242 687 1253 =
700 1225 741 1259 in
756 1226 956 1270 praesentia
972 1239 980 1267 ;
1001 1225 1096 1260 arch.
1116 1226 1233 1270 (Cato,
1249 1227 1337 1261 ΕΗ.
1362 1229 1446 1261 144.
1468 1227 1507 1270 4)
1522 1225 1593 1260 and

196 1281 386 1326 post-Aug.
417 1280 508 1324 (Tae.
539 1280 583 1314 A.
607 1283 639 1313 4.
665 1282 725 1313 59.
751 1281 816 1323 5);
845 1291 934 1324 very
964 1279 1053 1326 freq.
1080 1281 1120 1314 in
1144 1280 1355 1326 Apuleius3
1383 1280 1426 1314 cf.
1460 1280 1597 1325 deprae-

194 1334 388 1368 sentiarum
408 1334 516 1377 (Petr.
544 1336 601 1367 58.
625 1336 672 1373 3;
704 1334 763 1368 74.
792 1335 860 1377 17).

264 1398 314 1424 ne
334 1398 414 1424 non
432 1389 519 1423 bam
532 1404 563 1415 =
575 1391 613 1420 ut
629 1388 748 1432 potius
765 1400 774 1433 3
795 1388 835 1422 cf.
857 1399 970 1421 vereor
988 1399 1030 1422 ‘ne
1045 1388 1104 1422 cui
1117 1392 1266 1422 vestrum
1286 1400 1322 1422 ex
1342 1388 1596 1423 Socraticorum

194 1442 377 1476 hominum
397 1441 705 1487 disputationibus,
726 1454 795 1476 uon
824 1454 860 1476 ea)
887 1453 959 1476 meo
981 1453 1082 1476 sensu
1105 1442 1305 1487 deprompta
1333 1443 1412 1477 haec
1432 1442 1593 1477 videatur

195 1496 308 1531 oratio
328 1496 414 1541 (Cic.
438 1495 567 1530 Parad.
591 1498 621 1529 1.
650 1499 680 1529 1.
706 1496 751 1540 6).

264 1550 330 1597 §2-
360 1548 483 1586 mihi:
513 1549 611 1584 ethic
626 1549 701 1584 dat.

262 1613 392 1640 novus
410 1614 417 1639 :
446 1603 570 1646 subet„
593 1615 631 1637 as
650 1615 787 1647 novum,
808 1603 1038 1638 novissimum
1057 1603 1145 1650 freq.
1169 1604 1209 1638 in
1229 1603 1327 1638 class.
1353 1604 1431 1639 Lat.

263 1658 390 1701 magis
409 1657 649 1694 verisimilia
668 1667 787 1700 quam
806 1667 905 1694 vera
922 1667 929 1693 Ξ
959 1658 1002 1693 cf.
1027 1657 1100 1694 Cic.
1124 1670 1182 1692 ars
1204 1659 1315 1703 mayis
1334 1670 1465 1704 magma
1487 1672 1593 1705 quam

195 1712 348 1756 difficilis
378 1712 445 1756 (De
477 1711 531 1746 Or.
570 1715 599 1745 1.
625 1714 685 1745 42.
714 1713 810 1756 190).
871 1711 961 1746 This
990 1712 1021 1746 is
1055 1711 1116 1746 the
1146 1712 1317 1759 teaching
1343 1713 1382 1747 of
1407 1713 1470 1748 the
1500 1715 1592 1749 New

195 1766 390 1810 Academy.
447 1765 498 1800 Cf.
522 1765 595 1800 Cic.
620 1766 715 1800 N.D.
743 1768 773 1799 1.
803 1769 877 1807 12;
905 1766 1036 1800 Parad.
1066 1769 1095 1800 1.
1124 1769 1153 1800 1.

262 1820 280 1865 ξ
301 1824 331 1854 4.
362 1821 404 1855 eb
423 1819 508 1862 hoc,
534 1819 639 1853 “and
661 1819 741 1854 that
763 1824 821 1854 too
835 1819 878 1865 '⁷3
909 1819 977 1854 Gk.
1003 1816 1065 1853 καὶ
1096 1817 1224 1856 ταῦτα.

262 1873 475 1917 profanos:
504 1873 559 1908 lit.
592 1873 747 1908 “before
777 1886 817 1908 01·
847 1874 989 1908 outside
1018 1874 1081 1908 the
1110 1874 1246 1920 temple
1260 1875 1276 1891 '²
1298 1887 1306 1916 ;
1343 1874 1456 1910 hence
1492 1878 1591 1910 “un-

194 1927 399 1972 initiated‚”
423 1930 444 1946 “
456 1926 659 1972 ignorant.''
717 1928 814 1962 Lact.
830 1932 1014 1962 construes
1030 1928 1121 1963 with
1142 1928 1184 1962 ab
1199 1928 1293 1972 (Div.
1312 1929 1395 1963 I‘nst.
1413 1932 1446 1965 2.
1467 1932 1523 1964 15.
1541 1931 1588 1975 2).

261 1981 413 2017 artium
433 1980 705 2017 sordidarum:
736 1981 884 2016 manual
903 1986 979 2016 arts
1007 1993 1045 2016 as
1075 1982 1231 2029 opposed
1253 1987 1290 2017 to
1317 1986 1406 2017 artes
1427 1983 1589 2019 liberales.

195 2035 248 2071 Cf.
271 2032 462 2081 ἄνθρωποι
485 2031 628 2068 ἰδιῶται
650 2031 716 2068 καὶ
741 2032 983 2083 ἀγράμματοι
1004 2037 1069 2080 (St.
1086 2036 1188 2080 Paul,
1205 2036 1299 2079 Acts,
1319 2040 1352 2071 4.
1375 2038 1444 2081 13).

262 2099 418 2125 summa
454 2098 500 2124 ae
538 2088 781 2125 maiestate:
818 2089 860 2124 ef.
894 2102 1011 2124 rerum
1043 2102 1216 2124 summam
1249 2091 1367 2135 (Luer.
1408 2094 1438 2126 2.
1475 2093 1565 2137 303)
1584 2106 1593 2135 ;

193 2143 356 2178 maiestas
370 2155 488 2178 rerum
508 2143 567 2187 (id.
590 2146 621 2177 5.
645 2144 690 2186 7).

258 2199 325 2233 tot
345 2196 552 2233 omnibus:
577 2196 620 2230 cf.
640 2197 803 2241 pleraque
822 2196 942 2231 omnia
961 2197 1056 2241 (Ter.
1078 2198 1207 2233 Heaut.
1230 2202 1262 2232 4.
1290 2199 1320 2233 7.
1344 2200 1379 2243 2)
1397 2212 1405 2241 ;
1434 2199 1593 2234 omnibus

192 2255 238 2286 tot
258 2251 369 2295 (Tert.
393 2251 494 2295 Apol.
520 2254 578 2284 35.
601 2252 646 2295 9).

261 2305 461 2341 deliberat
478 2317 484 2339 :
514 2305 566 2339 i.e.
590 2304 654 2338 has
674 2307 740 2338 not
758 2308 821 2349 yet
841 2316 940 2338 come
960 2309 998 2339 to
1018 2317 1038 2339 a
1058 2305 1227 2340 decision.

260 2358 278 2405 ἓ
299 2363 331 2393 5.
359 2357 677 2394 necimmerito:
711 2361 740 2392 1.
765 2361 786 2392 3
805 2372 812 2400 ;
842 2370 890 2392 se.
912 2359 1086 2395 deliberat.

262 2412 522 2449 divina=dei.
583 2411 723 2448 Introd.
748 2412 793 2445 vi.
819 2412 862 2446 D.
